2258 4148
558 227 712 285 clavim
827 182 830 187 ’
933 228 1123 302 [nxxxvvn

519 392 751 467 LXXXVIII.

219 522 303 599 Quid
323 522 402 587 iacit
422 523 466 606 is,
489 522 587 608 Gelli,
610 525 664 608 qui
687 546 758 588 eum
779 527 880 589 matre
902 527 996 608 atque
1012 546 1122 591 sorore

262 608 371 671 Prurit
391 611 424 672 et
445 607 577 671 abiectis
598 608 770 693 pervigilat
789 608 930 672 tunicis?

220 689 302 765 Quid
317 691 395 755 facit
408 692 446 773 is,
457 694 605 775 patruom
621 692 676 774 qui
689 713 756 755 non
771 692 848 757 sinit
862 714 931 756 esse
945 693 1121 758 maritum?

263 774 367 858 Ecqui
389 777 450 839 sais
472 777 627 859 quantum
648 776 800 859 suscipiat
820 776 971 840 sceleris?

187 870 204 919 5
221 857 375 942 Suscipit,
398 881 417 923 o
441 858 540 941 Gelli,
563 862 716 942 quantum
737 881 805 923 non
825 860 938 924 ultima
958 859 1080 944 Tethys

262 942 331 1007 Nec
377 944 481 1007 enitor
502 942 703 1026 lympharum
725 943 827 1007 abluit
848 944 1010 1009 Oceanus:

219 1024 304 1090 Nam
389 1027 413 1089 il
447 1029 497 1091 est
523 1029 691 1110 quicquam
723 1027 865 1110 sceleris,
899 1049 961 1110 quo
987 1027 1121 1111 prodeat

261 1192 338 1258 Non
359 1194 388 1258 si
410 1193 546 1258 demisso
569 1216 603 1259 se
625 1195 694 1279 ipse
715 1113 939 1279 voileliriripite

511 1422 758 1499 LXXXVHII.

221 1545 343 1611 Gellius
366 1549 415 1610 est
434 1546 556 1612 tenuis:
578 1546 732 1631 quidni?
755 1548 806 1612 aui
827 1550 894 1612 tam
913 1549 999 1612 bona
1018 1551 1122 1613 mater

263 1630 404 1713 Tamque
424 1631 533 1695 valens
555 1632 642 1695 vivat
662 1635 790 1715 tamque
811 1634 946 1696 venusta
967 1652 1059 1696 soror

222 1713 363 1796 Tamque
378 1714 481 1778 bonus
494 1717 626 1797 patruos
640 1718 768 1799 tamque
780 1717 887 1780 omnia
896 1717 993 1799 plena
1004 1716 1121 1799 puellis

264 1797 434 1881 Cognatis‚
457 1819 553 1882 quare
574 1798 602 1862 is
624 1798 750 1863 desinat
770 1821 839 1864 esse
860 1799 987 1863 macer?

190 1880 284 1956 cQui
305 1882 342 1944 ut
362 1881 444 1945 nihil
465 1882 612 1966 attingit,
639 1884 704 1947 nisi
725 1882 810 1967 quod
831 1883 879 1948 fas
900 1887 1033 1968 tangere
1054 1904 1121 1947 non

765 1971 814 2031 est

263 2047 474 2124 Quantumvis
496 2069 591 2132 quare
614 2050 657 2115 sit
678 2072 784 2115 macer
804 2016 957 2116 iirvenies.

545 2263 727 2337 LXXXX.

222 2383 381 2451 Nascatur
401 2407 515 2470 magus
537 2406 576 2448 ex
599 2386 683 2450 Gelli
704 2388 876 2471 matrisque
897 2386 1037 2451 nefando

266 2469 423 2553 Coniugio
445 2475 478 2533 et
499 2470 600 2534 diseat
620 2469 784 2536 Persicum
805 2471 1012 2553 aruspicium:

223 2552 308 2618 Nam
327 2575 440 2638 magus
463 2575 502 2617 ex
522 2556 623 2617 matre
645 2557 678 2618 et
698 2558 797 2638 gnato
812 2556 964 2639 gignatur
986 2556 1120 2638 oportet,

267 2636 301 2701 si
321 2641 427 2701 verast
447 2637 616 2701 Persarum
637 2637 726 2721 inpia
746 2639 887 2723 relligio,

193 2719 333 2786 oNavos
354 2723 391 2783 ut
412 2725 541 2805 accepto
564 2726 731 2786 veneretur
752 2723 891 2786 carmine
913 2720 1003 2786 divos

268 2804 441 2869 Omentum
462 2805 645 2869 inflamma
665 2806 785 2890 pingue
806 2805 1023 2889 liquefaciens.

537 3036 733 3110 LXXXXI.

223 3155 301 3222 Non
321 3156 408 3241 ideo,
432 3156 531 3241 Gelli,
558 3158 724 3242 sperabam
745 3161 778 3222 te
799 3159 879 3223 mihi
898 3158 998 3223 fidum

266 3240 306 3305 In
327 3241 442 3305 misero
464 3241 526 3305 hoc
546 3245 673 3325 nostro,
696 3247 755 3306 hoc
776 3242 902 3326 perdito
917 3264 1025 3307 amore
1045 3243 1122 3324 fore,

226 3324 319 3400 Quod
340 3330 372 3389 te
395 3347 584 3410 cognossem
606 3326 687 3390 bene
709 3329 948 3393 constantemve
969 3329 1115 3410 putarem

268 3410 336 3473 Aut
355 3430 450 3493 posse
472 3431 492 3473 a
512 3410 599 3493 turpi
619 3412 760 3474 mentem
781 3410 925 3476 inhibere
946 3410 1083 3494 probro,

194 3505 209 3556 5
225 3491 287 3559 Sed
297 3514 400 3577 neque
408 3493 492 3577 quod
502 3495 636 3558 matrem
643 3515 703 3558 nea
709 3515 894 3579 germanam
904 3494 1124 3559 essevidebam
