2258 4148
142 197 186 262 ao
550 202 704 259 carvin
930 205 1051 277 [xxxv]

229 364 435 447 Subsellium,
458 385 530 428 eum
551 368 659 428 orator
680 365 798 429 excitat
817 365 942 450 fletum,

227 448 365 513 Renidet
384 449 448 512 ille.
482 450 528 512 sei
550 448 591 512 ed
611 449 658 532 pii
678 470 793 544 rogum
813 449 861 512 fih'

157 544 174 593 ὁ
226 532 381 618 lugetur,
405 533 483 596 orba
503 554 576 596 oum
596 533 653 596 flet
672 554 802 596 unicum
823 536 941 616 mater,

227 615 365 680 Renidet
384 616 448 680 ille.
483 616 637 700 quidquid
658 619 721 699 eet,
743 616 978 700 ubicumquest,

228 698 454 783 Quodcumque
469 701 551 784 egit,
562 699 697 763 renidet.
728 699 816 764 huno
832 699 929 764 habet
941 702 1051 766 morbi

226 783 339 866 Neque
367 784 560 868 elegantem,
583 786 619 847 ut
639 784 789 866 arbitror,
812 806 915 868 neque
936 785 1051 849 urbam

229 866 333 941 Quare
354 868 549 931 monendum
570 871 634 931 test
654 866 748 949 mihi,
769 868 854 932 bone
875 868 1008 952 Egnati.

145 964 178 1012 ιο
228 950 263 1015 Si
283 951 423 1015 urbanus
446 973 530 1015 esses
552 954 608 1014 aut
629 951 765 1016 Sabinus
786 954 842 1015 eut
862 951 979 1016 Tibure

226 1036 294 1098 Aut
313 1035 416 1098 fartus
437 1032 558 1099 Vmber
579 1037 634 1099 aut
655 1035 769 1099 obesus
790 1034 944 1099 Etruscus

226 1119 294 1181 Aut
313 1117 476 1182 Lanuinus
498 1125 566 1182 ater
587 1122 682 1202 atque
704 1118 851 1183 dentatus

226 1203 295 1265 Aut
315 1201 575 1285 Transpadanus,
596 1204 634 1265 ut
653 1223 741 1266 meos
763 1224 888 1286 quoque
909 1203 1051 1290 attingai

227 1287 295 1348 Aut
316 1285 473 1368 quilubet,
496 1287 551 1369 qui
571 1287 692 1369 puriter
713 1286 792 1350 lavit
813 1287 938 1369 dentes,

143 1383 175 1431 15
226 1369 346 1433 Tamen
367 1369 511 1434 renidere
532 1391 631 1453 usque
654 1390 777 1453 quaque
798 1372 831 1434 te
851 1371 990 1436 nollem:

225 1452 311 1518 Nam
331 1453 399 1518 risu
419 1452 529 1537 inepto
550 1475 601 1517 res
621 1454 761 1536 ineptior
781 1454 910 1518 nullast.

225 1535 321 1601 Nune
343 1535 484 1602 Celtiber
505 1559 553 1601 es:
575 1536 746 1602 Celtiberia
767 1538 802 1602 in
822 1542 922 1620 terra,

227 1619 319 1694 Quod
341 1620 473 1703 quisque
494 1621 624 1704 minxit,
646 1620 708 1685 hoe
730 1622 792 1685 sibi
813 1623 894 1686 solet
914 1643 1012 1688 mene

224 1702 362 1767 Dantem
385 1706 479 1787 atque
500 1726 624 1768 russam
646 1704 798 1770 deffluere
819 1705 1002 1791 gingivam,

141 1800 175 1849 ao
223 1785 269 1852 Vt
290 1807 352 1871 quo
374 1787 435 1851 iste
456 1790 561 1853 vester
582 1789 751 1871 expolitior
773 1789 850 1853 dens
872 1792 934 1874 est,

223 1870 296 1936 Hoo
316 1873 349 1935 te
371 1871 506 1954 amplius
527 1872 646 1937 bibisse
667 1873 829 1956 praedicet
849 1873 917 1938 loti.

545 2010 698 2020 -——-

543 2085 691 2159 XXXX.

225 2205 387 2282 Quaenam
408 2209 440 2271 te
461 2208 546 2271 male
566 2229 673 2291 mene,
694 2208 817 2272 miselle
838 2207 976 2292 Revide,

225 2291 306 2375 Agit
326 2291 531 2374 praeeipitem
553 2292 589 2355 in
608 2312 697 2355 meos
719 2291 863 2356 iambos?

225 2373 302 2450 Quis
325 2374 401 2438 deus
423 2374 483 2438 tibi
504 2396 571 2439 non
592 2376 673 2439 bene
695 2375 865 2439 advocatus

223 2456 400 2522 Vecordam
421 2461 514 2540 perat
535 2459 672 2523 excitare
693 2459 818 2524 rixam?

222 2541 276 2604 An
297 2543 334 2604 ut
354 2543 519 2624 pervenies
541 2542 577 2606 in
598 2564 654 2606 ora
674 2543 785 2627 vulgi?

223 2623 306 2698 Quid
328 2624 399 2688 vis?
423 2646 485 2708 qua
505 2626 594 2691 lubet
615 2648 684 2690 esse
705 2630 801 2691 nous
823 2629 937 2710 optas?

222 2706 311 2790 Bria,
334 2708 589 2792 quandoquidem
609 2731 698 2774 meos
721 2732 843 2775 amores

223 2790 302 2856 Cum
324 2792 422 2878 longa
442 2793 571 2858 voluisti
593 2816 698 2858 amare
719 2816 834 2878 poena.

544 2922 696 2932 ——-—--—

534 3006 698 3081 XXXXI.

221 3128 373 3193 Ametina
392 3130 499 3213 puella
521 3130 665 3194 defututa

221 3211 302 3276 Tota
323 3213 412 3276 milia
432 3235 483 3277 me
505 3213 615 3278 decem
636 3214 799 3297 poposcit,

221 3293 289 3360 Ista
309 3297 467 3379 turpiculo
489 3297 596 3380 puella
615 3318 710 3380 nouo,

220 3377 406 3445 Deeoetoris
428 3381 531 3444 amica
551 3379 724 3445 Formiani.

151 3474 166 3523 t
220 3461 411 3548 Propinqui,
434 3465 548 3548 quibus
571 3468 619 3528 est
639 3466 745 3549 puella
767 3488 874 3546 aurae,
