2242 3946
80 190 142 276 ln]
514 202 632 262 imru

140 366 191 430 Ibi
212 365 269 429 illa
289 365 391 429 multa
411 368 482 429 tum
503 365 612 430 ioeosa
632 364 766 448 fiebant,

141 450 227 525 Quae
247 454 284 514 tu
306 449 434 515 volebas
456 471 516 514 neo
537 449 643 533 puella
662 450 802 514 nolebat

140 533 269 598 Fulsere
291 555 363 597 vere
386 533 513 598 candidi
534 533 594 597 tibi
615 533 708 597 soles.

140 618 236 682 Nune
255 618 320 681 iam
340 618 398 682 illa
411 639 479 681 non
492 617 576 682 vult:
597 620 633 680 tu
648 637 782 702 quoque,
797 616 957 701 inpotens,
972 615 1040 680 noli

139 702 210 766 Neo
232 723 311 784 quae
332 702 417 786 sugit
439 703 573 783 sectare,
594 721 654 765 neo
674 702 772 766 miser
792 701 879 786 vire,
1029 713 1061 762 ιο

141 785 204 850 Sed
225 785 388 849 obstinata
409 789 517 849 mente
538 784 657 868 perfer,
684 785 815 850 obdura.

139 869 236 951 Vale,
258 870 374 953 puella.
408 869 472 933 iam
494 867 638 934 Catullus
660 869 810 954 obdurat,
946 877 947 881 ’

140 953 209 1018 Neo
231 955 263 1016 te
284 954 424 1036 requiret
443 974 503 1018 neo
524 952 652 1037 rogabit
675 953 824 1019 invitam:

141 1040 187 1101 At
207 1040 243 1100 tu
265 1036 403 1120 dolebis,
426 1058 499 1101 oum
519 1037 684 1121 rogaberis
706 1038 802 1101 nulla.

141 1121 295 1204 Scelesta,
317 1142 375 1185 vae
396 1123 443 1185 te!
467 1142 547 1217 quae
567 1121 628 1185 tibi
648 1125 757 1186 manet
776 1122 857 1186 vita!
973 1193 978 1203 ,
1029 1130 1062 1184 15

141 1205 220 1279 Quis
241 1225 327 1269 nuno
348 1207 380 1269 te
402 1204 526 1268 adibit?
550 1205 601 1269 oui
622 1205 778 1270 videberis
800 1206 907 1270 bella?

141 1289 242 1363 Quem
263 1309 350 1353 nuno
371 1288 514 1353 amabis?
538 1289 627 1353 ouius
650 1310 718 1353 esse
741 1289 875 1353 diceris?

142 1372 244 1447 Quem
264 1372 424 1436 basiabis?
449 1372 500 1436 oui
520 1372 637 1436 labella
657 1372 839 1437 mordebis?

140 1457 187 1520 At
208 1460 259 1541 tu,
282 1455 424 1539 Catulle,
447 1454 622 1519 destinatus
645 1455 775 1520 obdura.

521 1668 634 1742 VIIII.

92 1872 96 1877 ,
142 1791 275 1875 Verani,
299 1792 446 1856 omnibus
468 1813 486 1856 e
507 1791 587 1855 meis
610 1792 720 1857 amieis

142 1876 312 1940 Antistans
333 1876 413 1940 mihi
433 1875 563 1940 milibus
584 1877 751 1959 trecentis,

141 1959 309 2024 Venistine
333 1960 461 2024 domum
482 1960 523 2024 ad
544 1963 617 2024 tuos
639 1959 775 2027 Penates

141 2043 332 2128 Fratresque
354 2045 523 2108 unanimos
545 2065 703 2126 anumque
724 2045 882 2109 matrem?

141 2126 277 2191 Venisti.
312 2127 433 2191 omihi
454 2128 559 2191 nuntii
580 2128 680 2193 beati!
1047 2139 1063 2191 5

141 2210 254 2274 Visam
274 2213 307 2274 te
328 2211 521 2275 incolumem
543 2209 729 2294 audiamque
750 2211 906 2276 Hiberum

142 2295 335 2359 Narrantem
357 2295 443 2378 loca,
465 2294 565 2376 faeta,
587 2294 749 2380 nationeS,

142 2378 188 2442 Vt
209 2399 278 2441 mos
301 2381 350 2443 est
370 2381 457 2462 tuus,
480 2378 704 2462 adplicansque
727 2380 845 2444 sollum

141 2461 319 2536 Iooundum
341 2484 377 2527 os
399 2463 569 2547 oculosque
591 2463 769 2529 suaviabor.

144 2546 170 2610 Ο
193 2549 378 2629 quantumst
398 2546 564 2611 hominum
585 2547 778 2631 beatiorum,
1033 2558 1067 2608 10

143 2630 228 2705 Quid
248 2652 299 2694 me
322 2631 435 2696 laetius
458 2634 506 2696 est
527 2630 712 2695 beatiusve?

555 2844 600 2918 X.

145 2965 247 3028 Varus
269 2986 320 3029 me
341 2986 430 3029 meus
452 2965 493 3030 ad
514 2987 589 3030 suos
611 2987 735 3032 amores

142 3048 257 3112 Visum
278 3049 411 3114 duxerat
432 3071 449 3114 e
471 3050 541 3114 foro
564 3051 718 3133 otiosum,

144 3131 343 3217 Scortillum,
364 3136 402 3197 ut
421 3133 502 3197 mihi
522 3136 591 3198 tum
612 3136 743 3218 repente
764 3132 914 3218 visumst,

141 3214 219 3281 Non
241 3237 318 3282 sane
339 3217 516 3302 inlepidum
536 3239 639 3302 neque
660 3219 874 3283 invenustum.

142 3299 216 3364 Huo
236 3303 274 3364 ut
293 3302 454 3385 venimus,
477 3300 616 3367 incidere
637 3302 731 3366 nobis
1049 3317 1067 3368 5

142 3382 313 3449 Sermones
334 3386 428 3469 varii,
451 3386 486 3450 in
507 3386 635 3470 quibus,
658 3386 734 3470 quid
755 3388 839 3449 esset

141 3466 213 3531 lam
234 3467 402 3555 Bithynia,
425 3491 487 3554 quo
510 3470 605 3535 modo
628 3492 661 3535 se
682 3470 831 3555 haberet,
