2258 4148
10 183 27 241 r
53 187 107 258 cr]
479 185 595 245 amna.
975 181 1016 248 69

54 347 139 413 Dum
160 348 221 413 tibi
242 370 293 412 me
314 368 417 431 purgo
440 369 499 412 nec
520 369 651 431 possum
673 349 799 416 fletibus
821 350 895 415 ullis
1001 361 1017 410 5

94 431 271 496 Tantillum
294 435 419 496 vostrae
442 432 566 496 demere
589 434 745 498 saevitiae.

54 515 140 582 Nam
162 517 257 580 simul
278 515 311 580 id
332 517 496 596 factumst,
518 517 628 581 multis
650 518 751 582 diluta
772 519 886 584 labella

95 600 259 665 Abstersti
281 601 381 686 guttis
405 601 551 665 omnibus
574 602 730 686 articulis,
977 677 980 682 ¹

55 683 104 750 Ne
127 684 296 767 quicquam
317 686 428 748 nostro
451 687 650 750 contractum
671 707 710 750 ex
732 709 786 752 ore
808 686 964 770 maneret,

96 767 274 851 Tamquam
296 768 472 832 commictae
494 790 607 852 spurca
630 770 729 834 saliva
750 770 851 854 lupae.
987 783 1019 832 ιο

56 852 224 917 Praeterea
245 852 363 916 infesto
385 851 536 916 miserum
557 875 609 918 mc
630 854 754 918 tradere
775 855 890 919 Amori

97 935 175 1000 Non
197 936 327 1000 cessasti
350 935 499 1019 omnique
521 938 699 1002 excruciare
720 939 831 1020 mode,

56 1019 101 1084 Vt
122 1019 168 1083 mi
190 1041 228 1083 ex
250 1019 408 1085 ambrosia
429 1023 586 1085 mutatum
607 1023 671 1086 iam
692 1023 777 1087 foret
797 1022 877 1086 illud

99 1103 283 1168 Suaviolum
303 1105 388 1168 tristi
410 1106 532 1169 tristius
551 1104 725 1171 helleboro,

58 1187 161 1263 Quam
183 1188 334 1272 quoniam
355 1210 492 1272 poenam
512 1189 629 1254 misero
650 1191 804 1274 proponis
827 1190 942 1275 amori,
989 1200 1019 1251 15

99 1271 282 1356 Numquam
305 1272 368 1336 iam
389 1270 523 1357 posthac
544 1274 633 1338 basia
654 1274 831 1359 surripiam.

465 1395 615 1405 -—-——

521 1463 548 1537 O

59 1576 186 1643 Caelius
209 1575 392 1641 Aufilenum
414 1530 447 1641 it
468 1520 616 1654 Quintius
638 1578 818 1643 Aufilenam

102 1661 177 1726 Flos
200 1659 423 1726 Veronensum
444 1662 618 1747 depereunt
638 1662 802 1746 iuvenum,

59 1744 124 1810 Hic
144 1745 290 1828 fratrem,
313 1745 368 1810 illc
390 1768 541 1811 sororem.
570 1745 632 1810 hoc
648 1749 711 1843 est,
734 1747 819 1830 quod
833 1745 958 1830 dicitur,

666 1831 745 1894 rllud

103 1912 292 1977 Fraternum
313 1935 385 1978 vere
408 1914 499 1979 dulce
521 1915 713 1980 sodalitium.

60 1996 122 2063 cui
143 1997 267 2061 faveam
287 1998 416 2081 potius?
447 1998 549 2082 Caeli,
572 1999 647 2063 tibi:
669 2019 746 2062 nam
765 1999 821 2060 tua
841 1997 935 2062 nobis
1005 2006 1022 2057 ὁ

103 2081 166 2146 Per
186 2081 271 2145 facta
293 2081 463 2146 exhibitast
483 2085 577 2146 unica
597 2082 751 2163 amicitia,

61 2164 144 2232 Cum
166 2187 282 2229 vesana
303 2187 390 2229 meas
411 2169 548 2230 torreret
567 2165 696 2229 flamma
716 2162 880 2229 medullas.

93 2249 157 2315 ¹Sis
178 2249 269 2334 felix,
293 2248 396 2334 Caeli,
419 2250 463 2314 sis
484 2250 520 2313 in
541 2269 647 2312 amore
668 2251 792 2333 potens.

469 2371 621 2386 -··-——-v··

513 2437 568 2513 ol.

62 2553 182 2619 Multas
203 2574 261 2635 per
282 2555 394 2637 gentes
416 2555 449 2618 et
469 2552 570 2616 multa
590 2573 648 2635 per
669 2572 806 2649 aequora
825 2552 934 2615 vectus

106 2637 253 2702 Advenis
274 2636 332 2700 has
353 2636 500 2719 miseras,
523 2637 636 2719 frater,
658 2634 698 2699 ad
718 2634 863 2719 inferias,

62 2722 111 2788 Vt
130 2724 164 2785 te
185 2723 345 2804 postremo
368 2720 519 2796 donarem
539 2741 669 2784 munere
689 2718 802 2783 mortis

106 2805 152 2870 Et-
172 2808 293 2870 mutam
314 2804 506 2888 nequiquam
528 2802 715 2887 adloquerer
736 2803 889 2885 cinerem,

47 2888 329 2987 -Quaudoquidem
350 2889 480 2952 fortuna
501 2887 581 2952 mihi
602 2889 668 2952 tete
689 2886 821 2952 abstulit
841 2886 961 2970 ipsum,
1010 2895 1026 2946 t

107 2973 181 3038 Heu
201 2995 299 3038 mrser
318 2971 451 3057 indigne
471 2972 572 3036 trater
592 2971 737 3110 adempte
757 2969 848 3034 mihi.

425 3073 444 3112 s

548 3119 567 3158 R

64 3177 162 3246 Nunc
171 3180 281 3241 tamen
291 3175 414 3240 interea
423 3172 501 3237 haec
511 3173 616 3257 prisco
629 3193 708 3256 quae
719 3191 807 3235 more
817 3172 985 3254 parentum

109 3261 239 3326 Tradita
261 3263 336 3324 sunt
356 3259 463 3323 tristes
484 3278 616 3322 munera
638 3255 678 3319 ad
699 3255 829 3318 inferias
834 3303 844 3339 ‚

69 3346 187 3429 Accipe
208 3345 350 3410 fraterno
372 3342 509 3407 multum
530 3339 692 3405 manantia
712 3339 805 3422 fletu,

110 3430 216 3514 Atque
237 3430 273 3493 in
293 3429 499 3513 perpetuom,
520 3425 633 3507 frater,
656 3445 713 3488 are
734 3426 829 3506 atque
850 3423 931 3487 rale.
997 3432 1031 3483 10
