2242 3946
68 203 112 271 u]
450 198 565 258 anua.

112 362 182 426 Vos
203 360 278 425 hine
299 360 420 425 interea
443 359 573 446 (valete)
597 360 681 424 abite

112 446 209 527 Illuc,
230 445 314 509 unde
335 445 456 508 malum
476 443 590 527 pedem
612 440 778 526 attulistis,

114 529 219 595 Saecli
239 528 455 611 incommoda,
477 527 608 611 pessimi
629 532 751 612 poetae.

440 739 575 815 XHHl.

115 863 205 946 Siqui
226 863 309 927 forte
330 885 474 928 mearum
495 864 687 947 ineptiarum

114 947 263 1011 Lectores
286 948 372 1011 eritis
394 969 569 1031 manusque
590 951 711 1012 vestras
959 954 993 1005 25

115 1030 192 1095 Non
213 1029 388 1098 horrebitis,
406 1031 572 1096 admovere
593 1031 703 1115 nobiS,

252 1139 271 1180 e
396 1141 415 1179 s
540 1140 559 1181 s

436 1236 588 1247 ..u———a

473 1328 551 1404 XV.

117 1448 313 1513 Commendo
335 1449 395 1513 tibi
417 1471 468 1513 me
490 1471 527 1513 ac
548 1471 636 1514 meos
659 1469 796 1531 amores,

118 1534 240 1597 Aureli.
274 1534 400 1597 veniam
421 1537 496 1617 peto
518 1534 704 1617 pudentem,

118 1616 176 1699 Vt,
200 1617 227 1680 si
249 1617 417 1700 quicquam
439 1617 546 1682 animo
568 1620 624 1682 tuo
647 1617 777 1701 cupisti,

119 1699 210 1775 Quod
233 1704 354 1764 eastum
377 1705 539 1786 expeteres
562 1705 594 1766 et
614 1702 815 1787 integellum,

117 1784 294 1849 Conserves
316 1807 448 1868 puerum
469 1786 550 1850 mihi
570 1786 697 1870 pudice,
980 1795 1016 1866 d¹

116 1867 194 1933 Non
216 1868 285 1932 dico
308 1890 327 1932 a
347 1870 482 2016 populo:
503 1870 587 1933 nihil
608 1891 752 1935 veremur

120 1951 219 2033 Istos,
241 1953 296 2036 qui
317 1953 353 2016 in
373 1957 479 2037 patea
500 1955 596 2018 modo
617 1954 680 2018 huc
701 1952 796 2018 modo
818 1952 895 2018 illuc

118 2034 158 2099 ln
179 2058 213 2099 re
234 2040 438 2118 praetereunt
459 2059 517 2101 sua
539 2039 698 2122 occupati:

119 2119 239 2183 Verum
261 2123 333 2183 ate
354 2124 461 2184 metuo
483 2124 602 2204 tuoque
623 2142 705 2205 pene

118 2204 241 2268 Infesto
263 2203 369 2286 pueris
390 2203 484 2267 bonis
505 2205 670 2287 malisque.
967 2216 999 2265 10

121 2287 222 2362 Quem
243 2289 279 2349 tu
301 2287 486 2370 qualebet,
509 2292 545 2351 ut
565 2287 667 2371 iubet,
690 2292 833 2368 movete,

121 2371 282 2446 Quantum
303 2371 367 2454 vis,
390 2371 446 2435 ubi
468 2372 528 2435 erit
549 2372 642 2456 foris,
664 2376 824 2457 paratum:

119 2455 215 2519 Hune
237 2476 337 2518 unum
359 2456 481 2539 excipio
488 2505 497 2538 ,
519 2458 556 2521 ut
576 2459 668 2540 puto,
691 2458 856 2541 pudenter.

121 2538 212 2614 Quod
234 2539 261 2603 si
282 2543 314 2603 te
336 2540 421 2604 mala
441 2561 532 2604 mens
553 2540 703 2624 furorque
725 2562 835 2606 vecors

120 2622 158 2687 ln
180 2626 303 2687 tantam
324 2625 489 2707 inpulerit,
513 2625 659 2708 sceleste,
683 2625 823 2708 eulpam,
968 2635 999 2686 15

120 2706 167 2771 Vt
187 2711 331 2772 nostrum
352 2707 477 2771 insidiis
499 2711 595 2791 caput
615 2708 767 2791 lacessas,

120 2791 153 2854 A
174 2794 243 2854 turn
264 2793 296 2855 te
317 2793 468 2857 miserum
489 2792 627 2875 malique
648 2793 721 2874 fati,

123 2874 224 2949 Quem
247 2876 390 2939 attractis
410 2875 545 2959 pedibus
566 2879 696 2959 patente
717 2878 812 2959 porta

120 2958 312 3023 Percurrent
331 2958 528 3045 raphanique
550 2961 757 3045 mugilesque.

467 3173 563 3248 XVI.

123 3295 281 3361 Pedicabo
304 3317 364 3381 ego
385 3318 443 3361 ros
465 3300 498 3362 et
517 3296 702 3381 inrumabc‚

123 3380 235 3444 Aureli
254 3380 382 3465 pathice
403 3384 436 3445 et
457 3381 587 3447 cinaede
608 3381 698 3463 Furi,

124 3463 187 3540 Qui
208 3487 259 3529 me
281 3486 320 3529 cx
340 3465 502 3530 versieulis
523 3466 603 3529 meis
624 3465 776 3548 putastis,
