2258 4148
125 201 165 266 72
392 216 394 221 ·
525 206 678 265 simun
1004 208 1016 291 [

187 366 250 433 Sed
273 368 371 433 cuivis
394 370 536 453 quamvis
558 371 665 454 potius
687 371 888 436 succumbere
910 333 970 456 ner
992 396 1016 438 es

229 451 331 529 Quam
352 457 487 518 matrem
509 454 622 519 fratres
644 455 763 538 efficere
784 479 823 520 ex
843 458 969 540 patrus.

549 667 655 742 OXH.

186 787 307 852 Multus
327 787 424 853 homo
448 810 481 853 es
501 787 603 872 Naso,
633 811 735 874 neque
759 793 864 855 tecum
884 792 1004 888 multus

228 955 416 1022 Descendit:
438 957 542 1041 Naso,
565 959 684 1022 multus
706 879 972 1042 esmgtstpgillieus.

539 1169 663 1244 OXllI.

187 1291 327 1359 Consule
348 1291 502 1375 Pompeio
524 1293 662 1376 primurn
684 1293 762 1377 duo,
786 1293 902 1378 Cinna,
926 1295 1015 1378 soleb

228 1375 408 1441 Masillam:
430 1375 516 1440 facto
539 1377 669 1441 consule
690 1399 777 1442 nune
798 1378 913 1442 itemm

66 1504 69 1508 -
186 1458 376 1524 Manserunt
397 1460 475 1543 duo,
498 1460 554 1524 sed
576 1465 742 1525 erevenmt
762 1462 851 1526 milia
871 1463 906 1526 in
926 1485 1016 1526 unuu

230 1542 373 1628 Singula.
402 1543 573 1608 fecundum
595 1567 704 1609 semen
725 1545 889 1610 adulterio.

531 1673 682 1682 ———

533 1757 675 1833 CXIIII.

187 1876 338 1944 Firmano
362 1879 444 1942 saltu
465 1900 533 1943 non
553 1879 635 1943 falso
657 1881 801 1946 Mentula
821 1882 909 1947 dives

229 1962 357 2044 Fertur,
382 1963 436 2046 qui
457 1964 507 2026 tot
527 1984 578 2026 res
600 1964 635 2027 in
656 1987 690 2028 se
711 1964 809 2031 habet
829 1968 990 2052 egregias,

187 2047 383 2130 Aucupium‚
413 2067 507 2110 omne
534 2068 635 2132 genus
662 2049 775 2133 piscis,
802 2054 906 2133 prata,
940 2073 1015 2115 arva

729 2156 780 2197 ras
802 2156 851 2198 ue.

229 2213 444 2298 Nequiquam:
466 2215 586 2280 fruetus
610 2155 801 2300 sumptibusq
810 2221 968 2301 exuperat.

156 2298 290 2373 oQuare
313 2299 452 2363 concedo
476 2300 518 2363 sit
539 2299 642 2383 dives,
665 2301 740 2364 dum
762 2301 869 2365 omnia
890 2301 1004 2366 desint.

231 2381 353 2446 Saltum
374 2382 551 2466 laudemus,
575 2384 650 2447 dum
671 2385 766 2448 modo
789 2406 821 2450 eo
844 2386 912 2469 ipse
934 2406 1016 2470 egea

528 2513 680 2522 *—

552 2597 656 2671 CXV.

188 2718 332 2783 Mentula
352 2716 449 2783 habes
472 2720 572 2783 instar
593 2719 727 2804 triginta
748 2719 858 2804 iugera
878 2720 978 2804 prati,

231 2802 447 2887 Quadraginta
468 2805 548 2868 arvi:
572 2806 677 2867 cetera
698 2805 773 2868 sunt
792 2804 900 2868 maria.

189 2885 253 2952 Cur
273 2908 340 2950 non
362 2886 479 2950 divitiis
503 2886 655 2952 Croesum
678 2909 824 2971 superare
845 2887 975 2970 potissit

230 2969 304 3035 Vno
327 2971 382 3054 qui
402 2970 437 3033 in
459 2971 542 3034 saltu
563 2971 707 3035 totmoda
727 2971 905 3055 possideat,

157 3053 298 3137 oPrata‚
321 3076 409 3136 arva,
432 3054 579 3138 ingentes
596 3056 691 3119 silvas
708 3055 869 3138 saltusque
891 3055 1016 3138 paludes

230 3137 338 3221 Vsque
361 3138 400 3201 ad
422 3137 647 3221 Hyperboreos
675 3143 709 3203 et
729 3160 816 3203 mare
839 3138 879 3202 ad
901 3138 1016 3204 Ooeam

189 3221 305 3288 Omnia
325 3243 443 3306 magna
463 3221 542 3286 haee
564 3226 652 3307 sunt,
679 3227 787 3370 temeln
813 3222 907 3306 ipse's
930 3224 1016 3287 maxi

731 3331 754 3371 u
767 3310 818 3371 tro

230 3388 306 3453 Non
327 3387 439 3474 homo,
462 3389 517 3456 sed
539 3412 613 3454 vero
635 3392 777 3456 mentula
797 3355 917 3477 niagna
936 3390 1016 3454 mim

528 3531 679 3540 ———--
