<?xml version="1.0" encoding="UTF-8"?>
<!DOCTYPE html PUBLIC "-//W3C//DTD XHTML 1.0 Transitional//EN"
    "http://www.w3.org/TR/xhtml1/DTD/xhtml1-transitional.dtd">
<html xmlns="http://www.w3.org/1999/xhtml" xml:lang="en" lang="en">
 <head>
  <title>
</title>
<meta http-equiv="Content-Type" content="text/html;charset=utf-8" />
  <meta name='ocr-system' content='tesseract 3.04.00' />
  <meta name='ocr-capabilities' content='ocr_page ocr_carea ocr_par ocr_line ocrx_word'/>
</head>
<body>
  <div class='ocr_page' id='page_1' title='image "./carmina01catugoog_0023.png"; bbox 0 0 2258 4148; ppageno 0'>
   <div class='ocr_carea' id='block_1_1' title="bbox 111 203 669 269">
    <p class='ocr_par' dir='ltr' id='par_1_1' title="bbox 111 203 669 269">
     <span class='ocr_line' id='line_1_1' title="bbox 111 203 669 269; baseline -0.009 -2"><span class='ocrx_word' id='word_1_1' title='bbox 111 203 153 269; x_wconf 76' lang='lat' dir='ltr'><strong>la</strong></span> <span class='ocrx_word' id='word_1_2' title='bbox 515 205 669 263; x_wconf 77' lang='lat' dir='ltr'><strong>cATvnm</strong></span> 
     </span>
    </p>
   </div>
   <div class='ocr_carea' id='block_1_2' title="bbox 30 367 883 1627">
    <p class='ocr_par' dir='ltr' id='par_1_2' title="bbox 197 367 760 452">
     <span class='ocr_line' id='line_1_2' title="bbox 197 367 760 452; baseline 0 -18"><span class='ocrx_word' id='word_1_3' title='bbox 197 369 290 435; x_wconf 84' lang='lat' dir='ltr'><strong>Comi</strong></span> <span class='ocrx_word' id='word_1_4' title='bbox 310 368 437 433; x_wconf 88' lang='lat' dir='ltr'><strong>moenia</strong></span> <span class='ocrx_word' id='word_1_5' title='bbox 458 367 647 452; x_wconf 90' lang='lat' dir='ltr'><strong>Lariumque</strong></span> <span class='ocrx_word' id='word_1_6' title='bbox 668 369 760 435; x_wconf 77' lang='lat' dir='ltr'><strong>litus:</strong></span> 
     </span>
    </p>

    <p class='ocr_par' dir='ltr' id='par_1_3' title="bbox 122 452 784 870">
     <span class='ocr_line' id='line_1_3' title="bbox 122 452 784 537; baseline 0.003 -22"><span class='ocrx_word' id='word_1_7' title='bbox 122 465 142 515; x_wconf 73' lang='lat' dir='ltr'><strong>o</strong></span> <span class='ocrx_word' id='word_1_8' title='bbox 197 453 284 519; x_wconf 89' lang='lat' dir='ltr'><strong>Nam</strong></span> <span class='ocrx_word' id='word_1_9' title='bbox 305 452 456 537; x_wconf 90' lang='lat' dir='ltr'><strong>quasdam</strong></span> <span class='ocrx_word' id='word_1_10' title='bbox 477 454 551 517; x_wconf 88' lang='lat' dir='ltr'><strong>volo</strong></span> <span class='ocrx_word' id='word_1_11' title='bbox 574 453 784 537; x_wconf 78' lang='lat' dir='ltr'><strong>cogilaliones</strong></span> 
     </span>
     <span class='ocr_line' id='line_1_4' title="bbox 196 536 685 619; baseline 0.002 -19"><span class='ocrx_word' id='word_1_12' title='bbox 196 537 303 601; x_wconf 81' lang='lat' dir='ltr'>Amici</span> <span class='ocrx_word' id='word_1_13' title='bbox 324 536 460 619; x_wconf 80' lang='lat' dir='ltr'><strong>accipial</strong></span> <span class='ocrx_word' id='word_1_14' title='bbox 481 537 530 600; x_wconf 89' lang='lat' dir='ltr'><strong>sui</strong></span> <span class='ocrx_word' id='word_1_15' title='bbox 551 536 685 619; x_wconf 83' lang='lat' dir='ltr'><strong>meique.</strong></span> 
     </span>
     <span class='ocr_line' id='line_1_5' title="bbox 196 621 772 703; baseline 0.002 -20"><span class='ocrx_word' id='word_1_16' title='bbox 196 621 315 703; x_wconf 82' lang='lat' dir='ltr'>Quare,</span> <span class='ocrx_word' id='word_1_17' title='bbox 338 621 365 684; x_wconf 90' lang='lat' dir='ltr'><strong>si</strong></span> <span class='ocrx_word' id='word_1_18' title='bbox 387 621 505 703; x_wconf 75' lang='lat' dir='ltr'><strong>sapiet,</strong></span> <span class='ocrx_word' id='word_1_19' title='bbox 527 621 610 684; x_wconf 87' lang='lat' dir='ltr'><strong>viam</strong></span> <span class='ocrx_word' id='word_1_20' title='bbox 632 621 772 703; x_wconf 79' lang='lat' dir='ltr'><strong>vorabit,</strong></span> 
     </span>
     <span class='ocr_line' id='line_1_6' title="bbox 196 703 756 787; baseline 0 -20"><span class='ocrx_word' id='word_1_21' title='bbox 196 704 347 781; x_wconf 83' lang='lat' dir='ltr'><strong>Quamvis</strong></span> <span class='ocrx_word' id='word_1_22' title='bbox 369 703 503 768; x_wconf 88' lang='lat' dir='ltr'><strong>candida</strong></span> <span class='ocrx_word' id='word_1_23' title='bbox 523 704 628 768; x_wconf 88' lang='lat' dir='ltr'><strong>milies</strong></span> <span class='ocrx_word' id='word_1_24' title='bbox 649 704 756 787; x_wconf 89' lang='lat' dir='ltr'><strong>puella</strong></span> 
     </span>
     <span class='ocr_line' id='line_1_7' title="bbox 195 788 781 870; baseline -0.003 -18"><span class='ocrx_word' id='word_1_25' title='bbox 195 788 335 853; x_wconf 82' lang='lat' dir='ltr'><strong>Eunlem</strong></span> <span class='ocrx_word' id='word_1_26' title='bbox 355 790 481 851; x_wconf 80' lang='lat' dir='ltr'><strong>revocet</strong></span> <span class='ocrx_word' id='word_1_27' title='bbox 501 808 676 870; x_wconf 89' lang='lat' dir='ltr'><strong>manusque</strong></span> <span class='ocrx_word' id='word_1_28' title='bbox 698 788 781 851; x_wconf 90' lang='lat' dir='ltr'><strong>collo</strong></span> 
     </span>
    </p>

    <p class='ocr_par' dir='ltr' id='par_1_4' title="bbox 112 871 883 1206">
     <span class='ocr_line' id='line_1_8' title="bbox 112 871 739 956; baseline -0.003 -20"><span class='ocrx_word' id='word_1_29' title='bbox 112 885 145 936; x_wconf 81' lang='grc' dir='ltr'><strong>ιο</strong></span> <span class='ocrx_word' id='word_1_30' title='bbox 193 872 315 936; x_wconf 87' lang='lat' dir='ltr'><strong>Ambas</strong></span> <span class='ocrx_word' id='word_1_31' title='bbox 337 871 471 935; x_wconf 84' lang='lat' dir='ltr'><strong>iniciens</strong></span> <span class='ocrx_word' id='word_1_32' title='bbox 492 874 586 956; x_wconf 78' lang='lat' dir='ltr'><strong>roget</strong></span> <span class='ocrx_word' id='word_1_33' title='bbox 606 871 739 953; x_wconf 87' lang='lat' dir='ltr'><strong>morari,</strong></span> 
     </span>
     <span class='ocr_line' id='line_1_9' title="bbox 197 954 883 1038; baseline 0.003 -20"><span class='ocrx_word' id='word_1_34' title='bbox 197 955 284 1030; x_wconf 83' lang='lat' dir='ltr'>Quae</span> <span class='ocrx_word' id='word_1_35' title='bbox 305 975 404 1038; x_wconf 91' lang='lat' dir='ltr'><strong>nuno,</strong></span> <span class='ocrx_word' id='word_1_36' title='bbox 427 955 456 1019; x_wconf 89' lang='lat' dir='ltr'><strong>si</strong></span> <span class='ocrx_word' id='word_1_37' title='bbox 476 954 556 1019; x_wconf 87' lang='lat' dir='ltr'><strong>mihi</strong></span> <span class='ocrx_word' id='word_1_38' title='bbox 577 976 652 1019; x_wconf 88' lang='lat' dir='ltr'><strong>vera</strong></span> <span class='ocrx_word' id='word_1_39' title='bbox 672 955 883 1036; x_wconf 73' lang='lat' dir='ltr'><strong>nuntiantur,</strong></span> 
     </span>
     <span class='ocr_line' id='line_1_10' title="bbox 195 1038 762 1122; baseline -0.004 -18"><span class='ocrx_word' id='word_1_40' title='bbox 195 1038 291 1104; x_wconf 92' lang='lat' dir='ltr'><strong>Illum</strong></span> <span class='ocrx_word' id='word_1_41' title='bbox 313 1038 436 1122; x_wconf 76' lang='lat' dir='ltr'><strong>deperit</strong></span> <span class='ocrx_word' id='word_1_42' title='bbox 456 1039 620 1122; x_wconf 74' lang='lat' dir='ltr'><strong>inpotenle</strong></span> <span class='ocrx_word' id='word_1_43' title='bbox 642 1059 762 1102; x_wconf 88' lang='lat' dir='ltr'><strong>amore:</strong></span> 
     </span>
     <span class='ocr_line' id='line_1_11' title="bbox 194 1122 834 1206; baseline -0.003 -18"><span class='ocrx_word' id='word_1_44' title='bbox 194 1122 281 1189; x_wconf 87' lang='lat' dir='ltr'><strong>Nam</strong></span> <span class='ocrx_word' id='word_1_45' title='bbox 303 1143 365 1206; x_wconf 91' lang='lat' dir='ltr'><strong>quo</strong></span> <span class='ocrx_word' id='word_1_46' title='bbox 386 1124 530 1205; x_wconf 75' lang='lat' dir='ltr'><strong>tempore</strong></span> <span class='ocrx_word' id='word_1_47' title='bbox 552 1122 631 1206; x_wconf 76' lang='lat' dir='ltr'><strong>legit</strong></span> <span class='ocrx_word' id='word_1_48' title='bbox 651 1122 834 1186; x_wconf 72' lang='lat' dir='ltr'><strong>incohatam</strong></span> 
     </span>
    </p>

    <p class='ocr_par' dir='ltr' id='par_1_5' title="bbox 30 1205 838 1375">
     <span class='ocr_line' id='line_1_12' title="bbox 30 1205 833 1290; baseline -0.001 -20"><span class='ocrx_word' id='word_1_49' title='bbox 30 1275 32 1278; x_wconf 56' lang='grc'>,</span> <span class='ocrx_word' id='word_1_50' title='bbox 195 1206 350 1290; x_wconf 82' lang='lat' dir='ltr'><strong>Dindymi</strong></span> <span class='ocrx_word' id='word_1_51' title='bbox 372 1205 548 1289; x_wconf 89' lang='lat' dir='ltr'><strong>dominam,</strong></span> <span class='ocrx_word' id='word_1_52' title='bbox 571 1226 668 1270; x_wconf 86' lang='lat' dir='ltr'><strong>exeo</strong></span> <span class='ocrx_word' id='word_1_53' title='bbox 690 1206 833 1270; x_wconf 79' lang='lat' dir='ltr'><strong>misellae</strong></span> 
     </span>
     <span class='ocr_line' id='line_1_13' title="bbox 110 1289 838 1375; baseline 0 -21"><span class='ocrx_word' id='word_1_54' title='bbox 110 1303 144 1353; x_wconf 76' lang='lat'><strong>1⁶</strong></span> <span class='ocrx_word' id='word_1_55' title='bbox 192 1289 289 1375; x_wconf 84' lang='lat' dir='ltr'><strong>Ignes</strong></span> <span class='ocrx_word' id='word_1_56' title='bbox 310 1289 496 1354; x_wconf 74' lang='lat' dir='ltr'><strong>interiorem</strong></span> <span class='ocrx_word' id='word_1_57' title='bbox 517 1289 615 1354; x_wconf 74' lang='lat' dir='ltr'><strong>edunt</strong></span> <span class='ocrx_word' id='word_1_58' title='bbox 635 1289 814 1354; x_wconf 90' lang='lat' dir='ltr'><strong>medullam.</strong></span> <span class='ocrx_word' id='word_1_59' title='bbox 835 1299 838 1304; x_wconf 83' lang='lat'>&#39;</span> 
     </span>
    </p>

    <p class='ocr_par' dir='ltr' id='par_1_6' title="bbox 195 1373 738 1457">
     <span class='ocr_line' id='line_1_14' title="bbox 195 1373 738 1457; baseline -0.006 -18"><span class='ocrx_word' id='word_1_60' title='bbox 195 1373 211 1439; x_wconf 92' lang='lat' dir='ltr'>I</span> <span class='ocrx_word' id='word_1_61' title='bbox 259 1394 333 1438; x_wconf 87' lang='lat' dir='ltr'><strong>osco</strong></span> <span class='ocrx_word' id='word_1_62' title='bbox 355 1373 428 1457; x_wconf 80' lang='lat' dir='ltr'><strong>libi,</strong></span> <span class='ocrx_word' id='word_1_63' title='bbox 452 1373 611 1457; x_wconf 82' lang='lat' dir='ltr'><strong>Sapphica</strong></span> <span class='ocrx_word' id='word_1_64' title='bbox 631 1373 738 1456; x_wconf 91' lang='lat' dir='ltr'><strong>puella</strong></span> 
     </span>
    </p>

    <p class='ocr_par' dir='ltr' id='par_1_7' title="bbox 196 1457 781 1627">
     <span class='ocr_line' id='line_1_15' title="bbox 231 1457 779 1522; baseline -0.002 0"><span class='ocrx_word' id='word_1_65' title='bbox 231 1479 289 1522; x_wconf 91' lang='lat' dir='ltr'><strong>usa</strong></span> <span class='ocrx_word' id='word_1_66' title='bbox 311 1457 448 1522; x_wconf 74' lang='lat' dir='ltr'><strong>doctior:</strong></span> <span class='ocrx_word' id='word_1_67' title='bbox 471 1461 521 1522; x_wconf 78' lang='lat' dir='ltr'><strong>est</strong></span> <span class='ocrx_word' id='word_1_68' title='bbox 541 1457 627 1521; x_wconf 90' lang='lat' dir='ltr'><strong>enim</strong></span> <span class='ocrx_word' id='word_1_69' title='bbox 647 1460 779 1521; x_wconf 72' lang='lat' dir='ltr'><strong>venuste</strong></span> 
     </span>
     <span class='ocr_line' id='line_1_16' title="bbox 196 1540 781 1627; baseline 0 -21"><span class='ocrx_word' id='word_1_70' title='bbox 196 1541 316 1627; x_wconf 76' lang='lat' dir='ltr'><strong>Magna</strong></span> <span class='ocrx_word' id='word_1_71' title='bbox 338 1541 477 1606; x_wconf 79' lang='lat' dir='ltr'><strong>Caecilio</strong></span> <span class='ocrx_word' id='word_1_72' title='bbox 500 1540 649 1606; x_wconf 69' lang='lat' dir='ltr'><strong>incohata</strong></span> <span class='ocrx_word' id='word_1_73' title='bbox 669 1543 781 1606; x_wconf 72' lang='lat' dir='ltr'><strong>maier.</strong></span> 
     </span>
    </p>
   </div>
   <div class='ocr_carea' id='block_1_3' title="bbox 506 1728 670 1803">
    <p class='ocr_par' dir='ltr' id='par_1_8' title="bbox 506 1728 670 1803">
     <span class='ocr_line' id='line_1_17' title="bbox 506 1728 670 1803; baseline 0.012 -2"><span class='ocrx_word' id='word_1_74' title='bbox 506 1728 670 1803; x_wconf 87' lang='lat' dir='ltr'>XXXVI.</span> 
     </span>
    </p>
   </div>
   <div class='ocr_carea' id='block_1_4' title="bbox 111 1836 971 3520">
    <p class='ocr_par' dir='ltr' id='par_1_9' title="bbox 111 1836 971 3520">
     <span class='ocr_line' id='line_1_18' title="bbox 195 1836 886 1926; baseline 0.003 -20"><span class='ocrx_word' id='word_1_75' title='bbox 195 1843 339 1907; x_wconf 88' lang='lat' dir='ltr'><strong>Annales</strong></span> <span class='ocrx_word' id='word_1_76' title='bbox 360 1841 489 1926; x_wconf 88' lang='lat' dir='ltr'><strong>Volusi,</strong></span> <span class='ocrx_word' id='word_1_77' title='bbox 512 1846 620 1907; x_wconf 77' lang='lat' dir='ltr'><strong>cacata</strong></span> <span class='ocrx_word' id='word_1_78' title='bbox 641 1843 765 1926; x_wconf 74' lang='lat' dir='ltr'><strong>charla,</strong></span> <span class='ocrx_word' id='word_1_79' title='bbox 876 1836 886 1867; x_wconf 78' lang='lat'><strong><em>¹</em></strong></span> 
     </span>
     <span class='ocr_line' id='line_1_19' title="bbox 195 1924 763 2011; baseline 0 -20"><span class='ocrx_word' id='word_1_80' title='bbox 195 1924 316 1991; x_wconf 76' lang='lat' dir='ltr'><strong>Votum</strong></span> <span class='ocrx_word' id='word_1_81' title='bbox 338 1927 451 1991; x_wconf 81' lang='lat' dir='ltr'><strong>solvite</strong></span> <span class='ocrx_word' id='word_1_82' title='bbox 494 1948 530 1991; x_wconf 89' lang='lat' dir='ltr'><strong>ro</strong></span> <span class='ocrx_word' id='word_1_83' title='bbox 552 1949 623 1992; x_wconf 89' lang='lat' dir='ltr'><strong>mea</strong></span> <span class='ocrx_word' id='word_1_84' title='bbox 643 1929 763 2011; x_wconf 89' lang='lat' dir='ltr'><strong>puella:</strong></span> 
     </span>
     <span class='ocr_line' id='line_1_20' title="bbox 195 2009 803 2095; baseline 0.003 -21"><span class='ocrx_word' id='word_1_85' title='bbox 195 2009 280 2074; x_wconf 91' lang='lat' dir='ltr'><strong>Nam</strong></span> <span class='ocrx_word' id='word_1_86' title='bbox 302 2012 431 2075; x_wconf 74' lang='lat' dir='ltr'><strong>sanctae</strong></span> <span class='ocrx_word' id='word_1_87' title='bbox 483 2011 570 2075; x_wconf 91' lang='lat' dir='ltr'><strong>eneri</strong></span> <span class='ocrx_word' id='word_1_88' title='bbox 592 2009 803 2095; x_wconf 74' lang='lat' dir='ltr'><strong>Cupidinique</strong></span> 
     </span>
     <span class='ocr_line' id='line_1_21' title="bbox 195 2092 754 2178; baseline 0 -19"><span class='ocrx_word' id='word_1_89' title='bbox 195 2092 309 2178; x_wconf 73' lang='lat' dir='ltr'><strong>Vovit,</strong></span> <span class='ocrx_word' id='word_1_90' title='bbox 331 2095 360 2158; x_wconf 88' lang='lat' dir='ltr'><strong>si</strong></span> <span class='ocrx_word' id='word_1_91' title='bbox 382 2094 444 2158; x_wconf 87' lang='lat' dir='ltr'><strong>sibi</strong></span> <span class='ocrx_word' id='word_1_92' title='bbox 464 2094 630 2159; x_wconf 75' lang='lat' dir='ltr'><strong>restitutus</strong></span> <span class='ocrx_word' id='word_1_93' title='bbox 652 2117 754 2159; x_wconf 89' lang='lat' dir='ltr'><strong>essem</strong></span> 
     </span>
     <span class='ocr_line' id='line_1_22' title="bbox 124 2177 855 2262; baseline 0.005 -24"><span class='ocrx_word' id='word_1_94' title='bbox 124 2188 144 2238; x_wconf 73' lang='lat' dir='ltr'><strong>o</strong></span> <span class='ocrx_word' id='word_1_95' title='bbox 197 2177 421 2262; x_wconf 90' lang='lat' dir='ltr'><strong>Desissemque</strong></span> <span class='ocrx_word' id='word_1_96' title='bbox 442 2180 547 2243; x_wconf 78' lang='lat' dir='ltr'><strong>truces</strong></span> <span class='ocrx_word' id='word_1_97' title='bbox 568 2179 693 2244; x_wconf 86' lang='lat' dir='ltr'><strong>vibrare</strong></span> <span class='ocrx_word' id='word_1_98' title='bbox 714 2179 855 2261; x_wconf 86' lang='lat' dir='ltr'><strong>iambos,</strong></span> 
     </span>
     <span class='ocr_line' id='line_1_23' title="bbox 195 2261 681 2346; baseline 0.002 -20"><span class='ocrx_word' id='word_1_99' title='bbox 195 2261 398 2326; x_wconf 79' lang='lat' dir='ltr'><strong>Electissima</strong></span> <span class='ocrx_word' id='word_1_100' title='bbox 418 2263 549 2345; x_wconf 82' lang='lat' dir='ltr'><strong>pessimi</strong></span> <span class='ocrx_word' id='word_1_101' title='bbox 569 2265 681 2346; x_wconf 74' lang='lat' dir='ltr'><strong>poetae</strong></span> 
     </span>
     <span class='ocr_line' id='line_1_24' title="bbox 198 2345 748 2429; baseline 0.002 -19"><span class='ocrx_word' id='word_1_102' title='bbox 198 2345 324 2429; x_wconf 77' lang='lat' dir='ltr'><strong>Scripta</strong></span> <span class='ocrx_word' id='word_1_103' title='bbox 344 2345 500 2429; x_wconf 82' lang='lat' dir='ltr'><strong>lardipedi</strong></span> <span class='ocrx_word' id='word_1_104' title='bbox 522 2346 582 2410; x_wconf 93' lang='lat' dir='ltr'><strong>deo</strong></span> <span class='ocrx_word' id='word_1_105' title='bbox 605 2347 748 2411; x_wconf 76' lang='lat' dir='ltr'><strong>dabnam</strong></span> 
     </span>
     <span class='ocr_line' id='line_1_25' title="bbox 196 2428 703 2516; baseline 0.006 -24"><span class='ocrx_word' id='word_1_106' title='bbox 196 2428 383 2493; x_wconf 85' lang='lat' dir='ltr'><strong>Infelicibus</strong></span> <span class='ocrx_word' id='word_1_107' title='bbox 404 2429 575 2494; x_wconf 75' lang='lat' dir='ltr'><strong>ustulando</strong></span> <span class='ocrx_word' id='word_1_108' title='bbox 596 2431 703 2516; x_wconf 81' lang='lat' dir='ltr'><strong>lignis</strong></span> 
     </span>
     <span class='ocr_line' id='line_1_26' title="bbox 195 2512 920 2598; baseline 0.003 -22"><span class='ocrx_word' id='word_1_109' title='bbox 195 2512 241 2576; x_wconf 77' lang='lat' dir='ltr'><strong>Ec</strong></span> <span class='ocrx_word' id='word_1_110' title='bbox 260 2512 339 2577; x_wconf 91' lang='lat' dir='ltr'><strong>haec</strong></span> <span class='ocrx_word' id='word_1_111' title='bbox 360 2513 498 2596; x_wconf 88' lang='lat' dir='ltr'><strong>pessima</strong></span> <span class='ocrx_word' id='word_1_112' title='bbox 519 2536 553 2579; x_wconf 88' lang='lat' dir='ltr'><strong>se</strong></span> <span class='ocrx_word' id='word_1_113' title='bbox 574 2515 681 2598; x_wconf 87' lang='lat' dir='ltr'><strong>puella</strong></span> <span class='ocrx_word' id='word_1_114' title='bbox 702 2514 782 2578; x_wconf 73' lang='lat' dir='ltr'><strong>vidit</strong></span> <span class='ocrx_word' id='word_1_115' title='bbox 919 2593 920 2597; x_wconf 7' lang='grc' dir='ltr'><strong>Ἰ</strong></span> 
     </span>
     <span class='ocr_line' id='line_1_27' title="bbox 112 2595 681 2680; baseline 0.007 -22"><span class='ocrx_word' id='word_1_116' title='bbox 112 2608 148 2658; x_wconf 85' lang='lat'><strong>10</strong></span> <span class='ocrx_word' id='word_1_117' title='bbox 197 2595 309 2661; x_wconf 89' lang='lat' dir='ltr'><strong>Iocose</strong></span> <span class='ocrx_word' id='word_1_118' title='bbox 330 2597 433 2680; x_wconf 92' lang='lat' dir='ltr'><strong>lepide</strong></span> <span class='ocrx_word' id='word_1_119' title='bbox 454 2619 568 2663; x_wconf 81' lang='lat' dir='ltr'><strong>vovere</strong></span> <span class='ocrx_word' id='word_1_120' title='bbox 590 2598 681 2663; x_wconf 83' lang='lat' dir='ltr'><strong>divis.</strong></span> 
     </span>
     <span class='ocr_line' id='line_1_28' title="bbox 195 2678 779 2766; baseline 0.005 -22"><span class='ocrx_word' id='word_1_121' title='bbox 195 2678 307 2764; x_wconf 89' lang='lat' dir='ltr'><strong>Nune,</strong></span> <span class='ocrx_word' id='word_1_122' title='bbox 330 2701 349 2744; x_wconf 96' lang='lat' dir='ltr'><strong>o</strong></span> <span class='ocrx_word' id='word_1_123' title='bbox 372 2682 515 2745; x_wconf 86' lang='lat' dir='ltr'><strong>caeruleo</strong></span> <span class='ocrx_word' id='word_1_124' title='bbox 539 2686 644 2747; x_wconf 80' lang='lat' dir='ltr'><strong>creata</strong></span> <span class='ocrx_word' id='word_1_125' title='bbox 664 2685 779 2766; x_wconf 76' lang='lat' dir='ltr'><strong>ponto,</strong></span> 
     </span>
     <span class='ocr_line' id='line_1_29' title="bbox 197 2762 918 2851; baseline 0.004 -23"><span class='ocrx_word' id='word_1_126' title='bbox 197 2762 284 2839; x_wconf 84' lang='lat' dir='ltr'><strong>Quae</strong></span> <span class='ocrx_word' id='word_1_127' title='bbox 306 2767 451 2830; x_wconf 78' lang='lat' dir='ltr'><strong>samolum</strong></span> <span class='ocrx_word' id='word_1_128' title='bbox 472 2764 608 2830; x_wconf 89' lang='lat' dir='ltr'><strong>Idalium</strong></span> <span class='ocrx_word' id='word_1_129' title='bbox 629 2765 725 2832; x_wconf 89' lang='lat' dir='ltr'><strong>Vrios</strong></span> <span class='ocrx_word' id='word_1_130' title='bbox 747 2789 786 2831; x_wconf 92' lang='lat' dir='ltr'><strong>ue</strong></span> <span class='ocrx_word' id='word_1_131' title='bbox 808 2770 918 2851; x_wconf 75' lang='lat' dir='ltr'><strong>portus</strong></span> 
     </span>
     <span class='ocr_line' id='line_1_30' title="bbox 197 2846 971 2933; baseline 0.005 -22"><span class='ocrx_word' id='word_1_132' title='bbox 197 2846 345 2932; x_wconf 84' lang='lat' dir='ltr'><strong>Quaeque</strong></span> <span class='ocrx_word' id='word_1_133' title='bbox 366 2849 503 2914; x_wconf 88' lang='lat' dir='ltr'><strong>Ancona</strong></span> <span class='ocrx_word' id='word_1_134' title='bbox 524 2848 721 2933; x_wconf 79' lang='lat' dir='ltr'><strong>Cnidumque</strong></span> <span class='ocrx_word' id='word_1_135' title='bbox 766 2852 971 2915; x_wconf 85' lang='lat' dir='ltr'><strong>arundinosar</strong></span> 
     </span>
     <span class='ocr_line' id='line_1_31' title="bbox 197 2931 971 3020; baseline 0.006 -25"><span class='ocrx_word' id='word_1_136' title='bbox 197 2931 285 2996; x_wconf 79' lang='lat' dir='ltr'><strong>Colis</strong></span> <span class='ocrx_word' id='word_1_137' title='bbox 307 2953 449 3016; x_wconf 92' lang='lat' dir='ltr'><strong>quaeque</strong></span> <span class='ocrx_word' id='word_1_138' title='bbox 470 2933 669 2997; x_wconf 69' lang='lat' dir='ltr'><strong>Amathunta</strong></span> <span class='ocrx_word' id='word_1_139' title='bbox 690 2955 832 3018; x_wconf 88' lang='lat' dir='ltr'><strong>quaeque</strong></span> <span class='ocrx_word' id='word_1_140' title='bbox 854 2935 971 3020; x_wconf 84' lang='lat' dir='ltr'><strong>Golgos</strong></span> 
     </span>
     <span class='ocr_line' id='line_1_32' title="bbox 114 3015 921 3102; baseline 0.009 -26"><span class='ocrx_word' id='word_1_141' title='bbox 114 3027 147 3077; x_wconf 78' lang='lat'><strong>15</strong></span> <span class='ocrx_word' id='word_1_142' title='bbox 198 3015 346 3099; x_wconf 83' lang='lat' dir='ltr'><strong>Quaeque</strong></span> <span class='ocrx_word' id='word_1_143' title='bbox 367 3016 580 3081; x_wconf 87' lang='lat' dir='ltr'><strong>Durrachium</strong></span> <span class='ocrx_word' id='word_1_144' title='bbox 600 3017 719 3083; x_wconf 90' lang='lat' dir='ltr'><strong>Adriae</strong></span> <span class='ocrx_word' id='word_1_145' title='bbox 740 3020 921 3102; x_wconf 73' lang='lat' dir='ltr'><strong>tabernam,</strong></span> 
     </span>
     <span class='ocr_line' id='line_1_33' title="bbox 196 3100 848 3185; baseline 0.006 -22"><span class='ocrx_word' id='word_1_146' title='bbox 196 3100 373 3183; x_wconf 76' lang='lat' dir='ltr'><strong>Aooeplum</strong></span> <span class='ocrx_word' id='word_1_147' title='bbox 393 3101 463 3165; x_wconf 86' lang='lat' dir='ltr'><strong>face</strong></span> <span class='ocrx_word' id='word_1_148' title='bbox 484 3101 703 3185; x_wconf 78' lang='lat' dir='ltr'><strong>redditumque</strong></span> <span class='ocrx_word' id='word_1_149' title='bbox 725 3105 848 3185; x_wconf 74' lang='lat' dir='ltr'><strong>votum,</strong></span> 
     </span>
     <span class='ocr_line' id='line_1_34' title="bbox 197 3181 906 3268; baseline 0.004 -22"><span class='ocrx_word' id='word_1_150' title='bbox 197 3181 232 3246; x_wconf 82' lang='lat' dir='ltr'><strong>si</strong></span> <span class='ocrx_word' id='word_1_151' title='bbox 252 3205 319 3248; x_wconf 88' lang='lat' dir='ltr'><strong>non</strong></span> <span class='ocrx_word' id='word_1_152' title='bbox 339 3183 517 3268; x_wconf 90' lang='lat' dir='ltr'><strong>inlepidum</strong></span> <span class='ocrx_word' id='word_1_153' title='bbox 537 3206 640 3268; x_wconf 89' lang='lat' dir='ltr'><strong>neque</strong></span> <span class='ocrx_word' id='word_1_154' title='bbox 660 3187 906 3251; x_wconf 79' lang='lat' dir='ltr'><strong>invenustumsl.</strong></span> 
     </span>
     <span class='ocr_line' id='line_1_35' title="bbox 195 3267 790 3355; baseline 0.008 -26"><span class='ocrx_word' id='word_1_155' title='bbox 195 3267 243 3330; x_wconf 76' lang='lat' dir='ltr'><strong>Ar</strong></span> <span class='ocrx_word' id='word_1_156' title='bbox 262 3289 319 3331; x_wconf 88' lang='lat' dir='ltr'><strong>vos</strong></span> <span class='ocrx_word' id='word_1_157' title='bbox 341 3269 463 3334; x_wconf 70' lang='lat' dir='ltr'><strong>interea</strong></span> <span class='ocrx_word' id='word_1_158' title='bbox 483 3269 589 3334; x_wconf 77' lang='lat' dir='ltr'><strong>venile</strong></span> <span class='ocrx_word' id='word_1_159' title='bbox 610 3270 646 3334; x_wconf 90' lang='lat' dir='ltr'><strong>in</strong></span> <span class='ocrx_word' id='word_1_160' title='bbox 667 3271 790 3355; x_wconf 85' lang='lat' dir='ltr'><strong>ignem,</strong></span> 
     </span>
     <span class='ocr_line' id='line_1_36' title="bbox 195 3349 673 3418; baseline 0.01 -5"><span class='ocrx_word' id='word_1_161' title='bbox 195 3349 288 3415; x_wconf 90' lang='lat' dir='ltr'><strong>Pleni</strong></span> <span class='ocrx_word' id='word_1_162' title='bbox 308 3353 390 3417; x_wconf 86' lang='lat' dir='ltr'><strong>ruris</strong></span> <span class='ocrx_word' id='word_1_163' title='bbox 413 3355 445 3417; x_wconf 74' lang='lat' dir='ltr'><strong>el</strong></span> <span class='ocrx_word' id='word_1_164' title='bbox 465 3352 673 3418; x_wconf 72' lang='lat' dir='ltr'><strong>inficetiarum</strong></span> 
     </span>
     <span class='ocr_line' id='line_1_37' title="bbox 111 3435 761 3520; baseline 0.011 -24"><span class='ocrx_word' id='word_1_165' title='bbox 111 3445 146 3496; x_wconf 78' lang='lat'><strong>20</strong></span> <span class='ocrx_word' id='word_1_166' title='bbox 195 3435 338 3500; x_wconf 82' lang='lat' dir='ltr'><strong>Annales</strong></span> <span class='ocrx_word' id='word_1_167' title='bbox 359 3435 487 3520; x_wconf 84' lang='lat' dir='ltr'><strong>Volusi,</strong></span> <span class='ocrx_word' id='word_1_168' title='bbox 510 3441 620 3502; x_wconf 76' lang='lat' dir='ltr'><strong>cacata</strong></span> <span class='ocrx_word' id='word_1_169' title='bbox 641 3438 761 3504; x_wconf 81' lang='lat' dir='ltr'><strong>charla.</strong></span> 
     </span>
    </p>
   </div>
   <div class='ocr_carea' id='block_1_5' title="bbox 516 3559 668 3570">
    <p class='ocr_par' dir='ltr' id='par_1_10' title="bbox 516 3559 668 3570">
     <span class='ocr_line' id='line_1_38' title="bbox 516 3559 668 3570; baseline 0.013 -2"><span class='ocrx_word' id='word_1_170' title='bbox 516 3559 668 3570; x_wconf 79' lang='lat'><strong>.—</strong></span> 
     </span>
    </p>
   </div>
   <div class='ocr_carea' id='block_1_6' title="bbox 0 0 1134 4148">
    <p class='ocr_par' dir='ltr' id='par_1_11' title="bbox 0 0 1134 4148">
     <span class='ocr_line' id='line_1_39' title="bbox 0 0 1134 4148; baseline 0 0"><span class='ocrx_word' id='word_1_171' title='bbox 0 0 1134 4148; x_wconf 95' lang='lat' dir='ltr'><strong> </strong></span> 
     </span>
    </p>
   </div>
  </div>
 </body>
</html>
