2258 4148
174 195 215 266 10
584 203 736 260 carvin

236 361 328 438 Quod
350 367 428 430 sunt
448 366 616 448 molliculi,
638 388 750 450 parum
771 366 930 451 pudicum.

85 519 91 525 ¹
188 462 203 510 o
236 448 322 513 Nam
347 454 468 514 castum
490 471 559 514 esse
581 451 671 514 dccet
691 451 780 535 pium
801 455 929 535 poetam

235 532 363 690 ipsum,
384 535 557 599 versiculos
578 533 659 597 nihil
680 539 854 618 necessest,

266 638 301 682 ui
321 623 390 682 tum
412 618 547 702 denique
567 616 687 682 habent
709 619 808 683 salem
830 640 866 682 ac
889 620 1047 705 leporem,
1128 621 1129 626 ’

238 702 273 766 Si
295 705 370 767 sunt
390 702 544 767 molliculi
565 723 602 766 ao
623 724 735 785 parum
757 703 864 786 pudici

236 785 282 850 Et
302 786 387 870 quod
407 787 531 870 pruriat
550 785 683 850 incitare
704 789 853 870 possunt,

175 882 208 934 10
235 869 312 935 Non
333 870 403 934 dico
424 871 546 954 pueris,
570 870 623 933 sed
645 870 696 933 his
717 871 842 953 pilosis,

237 953 299 1028 Qui
321 952 415 1017 duros
436 956 598 1036 nequeunt
618 973 745 1018 morere
767 954 903 1023 lumbos.

236 1037 319 1119 Vos,
342 1058 438 1132 quom
459 1037 548 1101 milia
569 1038 670 1101 multa
691 1037 851 1100 basiorum

235 1121 280 1186 Le
306 1121 388 1203 'st1s,
410 1121 492 1185 male
513 1143 564 1185 me
585 1142 704 1184 marem
726 1120 868 1203 putatis?

234 1203 280 1269 Pe
302 1205 393 1269 icabo
416 1225 476 1290 ego
498 1226 555 1268 vos
577 1207 610 1268 et
630 1205 829 1268 1111111110.-

591 1417 704 1491 XVII.

235 1541 262 1606 0
285 1539 434 1623 Colonia,
458 1562 537 1624 quac
559 1541 648 1624 cupis
670 1543 769 1624 ponte
790 1540 898 1605 ludere
920 1542 1034 1626 longo,

233 1624 278 1690 Et
299 1625 392 1688 salire
412 1627 559 1708 paratum
580 1624 692 1707 habes,
715 1624 771 1688 scd
792 1625 909 1689 vereris
931 1625 1043 1708 inepta

235 1707 335 1773 Crura
355 1708 511 1792 ponticuli
532 1709 646 1772 assulis
669 1709 783 1772 stantis
804 1709 839 1772 in
860 1708 1024 1792 redivivis,

234 1792 284 1856 Nc
307 1793 438 1874 supinus
462 1794 514 1856 eat
535 1813 672 1875 cavaque
693 1791 729 1856 in
748 1792 864 1876 palude
884 1792 1064 1878 recumbat3

183 1888 200 1937 o
234 1875 286 1940 Sic
307 1876 368 1939 tibi
388 1876 491 1940 bonus
513 1897 551 1940 cx
573 1878 628 1939 tua
648 1897 729 1960 pons
751 1877 882 1940 libidine
904 1877 973 1960 fiat,

232 1959 272 2022 In
293 1980 356 2043 quo
377 1960 429 2023 vel
451 1959 628 2024 Salisubsili
650 1981 740 2024 sacra
762 1960 988 2043 suscipiantur:

232 2043 350 2107 Munus
371 2043 434 2108 hoc
454 2043 532 2107 mihi
555 2044 686 2107 maximi
709 2043 762 2125 da,
787 2043 936 2125 Colonia,
959 2044 1053 2109 risus.

233 2126 398 2202 Quendam
419 2128 612 2212 municipem
632 2149 737 2192 mcum
760 2127 798 2191 de
820 2130 875 2192 tuo
897 2128 971 2191 volo
995 2131 1098 2210 ponte

231 2210 281 2275 lre
302 2212 507 2296 praecipitem
529 2213 564 2276 in
586 2213 689 2276 lutum
708 2233 765 2295 per
785 2214 941 2295 caputque
961 2211 1113 2297 pedesqu·

169 2307 202 2356 10
229 2295 349 2360 Verum
369 2297 467 2360 totius
489 2299 525 2360 ut
545 2298 632 2360 lacus
653 2295 843 2380 putidaeque
887 2295 988 2358 aludis

230 2379 432 2443 Lividissima
452 2380 652 2461 maximeque
674 2382 723 2442 est
743 2318 901 2462 profunda
921 2399 1052 2462 vorago.

230 2463 463 2527 insulsissimus
486 2466 534 2526 est
554 2461 650 2525 homo
687 2483 746 2525 nec
768 2462 853 2545 sapit
872 2463 963 2546 pueri
984 2462 1091 2527 instar

228 2546 348 2610 Bimuli
368 2547 504 2610 tremula
523 2546 623 2629 patris
646 2511 831 2609 dormientis
853 2545 888 2608 in
909 2545 993 2608 ulna.

230 2630 311 2705 Quoi
332 2651 405 2693 cum
427 2631 469 2694 sit
489 2629 680 2693 viridissimo
701 2632 803 2712 nupta
823 2629 900 2693 dore
921 2628 1029 2713 puella

167 2727 198 2776 15
229 2714 287 2800 (Et
306 2714 414 2797 puella
434 2712 586 2777 tenellulo
608 2712 772 2777 delicatior
792 2711 910 2796 haedo,

227 2797 435 2862 Adservanda
455 2797 636 2894 nigerrimis
659 2796 843 2881 diligentius
865 2796 965 2882 uris),

226 2880 350 2945 Ludere
371 2880 454 2946 hanc
476 2881 554 2944 smit
574 2884 610 2945 ut
630 2880 733 2962 lubet,
756 2903 816 2945 nec
836 2882 895 2965 pili
916 2881 995 2945 facit
1015 2882 1088 2965 uni,

226 2964 295 3030 Neo
317 2986 350 3028 se
372 2964 517 3029 sublevat
538 2986 576 3029 cx
598 2987 655 3029 sua
675 2968 782 3048 parte,
805 2967 861 3029 sed
882 2966 969 3030 velut
990 2965 1084 3030 alnus

225 3047 266 3112 ln
286 3049 373 3112 fossa
394 3048 505 3133 Ligrni
526 3048 610 3113 iacet
631 3053 824 3133 suppernata
845 3049 961 3131 securi,

163 3144 197 3194 20
225 3130 426 3197 Tantundem
448 3133 556 3196 omnia
571 3133 711 3197 sentiens
734 3155 829 3217 quam
851 3134 879 3197 si
898 3132 988 3196 nulla
1009 3133 1053 3197 sit
1074 3155 1121 3200 us·

790 3239 865 3281 uam

225 3298 311 3363 Telis
332 3299 394 3364 iste
414 3322 503 3364 meus
526 3304 636 3384 stupor
656 3301 706 3365 nil
727 3240 827 3386 vicllet,
849 3265 931 3366 nihil
952 3300 1056 3385 audit,

224 3382 298 3472 Ipse
325 3384 380 3469 qui
407 3384 463 3469 sit,
490 3386 596 3450 utrum
622 3386 665 3450 sit
690 3408 732 3451 an
757 3408 824 3451 non
852 3388 909 3471 sit,
936 3387 969 3450 id
998 3407 1121 3473 quoqu

766 3471 876 3538 nescit
