2258 4148
10 178 28 250 -l

387 177 504 234 LIBER.

56 339 188 405 Comata
210 339 305 404 silva:
326 360 403 402 nam
425 338 556 422 Cytorio
577 339 613 403 in
633 339 710 424 iugo

53 424 219 508 Loquente
241 423 485 519 saepeosibilum
508 423 607 488 edidit
628 445 730 489 coma.

55 508 199 572 Amastri
219 507 354 572 Pontica
375 509 408 571 et
429 505 546 590 Cytore
568 508 708 590 buxifer,

57 591 129 656 Tibi
150 592 228 656 haec
250 591 349 656 firisse
371 594 404 655 et
425 612 494 655 esse
517 592 737 676 cognitissima

54 676 113 739 Ait
132 675 300 759 phaselus:
321 675 435 739 ultima
456 696 495 739 ex
516 676 641 760 origine
901 685 932 736 15

56 759 125 822 'luo
148 760 274 823 stetisse
296 759 375 823 dicit
395 760 430 822 in
452 760 630 843 cacumine,

55 843 124 908 Tuo
146 843 297 908 imbuisse
318 843 475 926 palmulas
496 843 532 906 in
553 864 705 927 aequore,

55 927 101 991 Et
121 928 195 991 inde
216 930 267 990 tot
286 948 343 1010 per
365 927 545 1011 inpotentia
565 928 648 992 freta

55 1011 157 1074 Erum
177 1011 304 1094 tulisse,
327 1011 418 1075 laeva
439 1011 505 1074 sive
528 1010 657 1075 dextera

55 1094 194 1159 Vocarct
215 1116 305 1177 aura,
328 1095 394 1158 sive
415 1097 584 1179 utrumque
605 1095 644 1158 Iu
665 1095 749 1178 piter
900 1107 935 1157 20

56 1177 158 1242 Simul
179 1179 335 1242 secundus
357 1178 521 1243 incidisset
541 1179 576 1242 in
596 1118 724 1263 pedem3

55 1268 164 1345 Neque
186 1263 251 1326 ulla
272 1266 348 1326 vota
368 1262 547 1326 litoralibus
569 1263 637 1327 deis

56 1345 125 1410 Sibi
148 1367 216 1409 esse
237 1346 338 1428 facta,
360 1366 432 1410 oum
453 1346 575 1410 veniret
596 1367 617 1409 a
637 1348 735 1412 marei

54 1429 238 1494 Novissime
259 1427 345 1492 hunc
367 1429 407 1492 ad
428 1451 528 1513 usque
548 1430 716 1513 limpidum
738 1431 850 1497 lacum.

56 1513 120 1577 Sed
141 1512 221 1577 hace
241 1513 330 1596 prius
353 1513 457 1577 fuere:
479 1535 565 1578 nunc
585 1514 750 1579 recondita
900 1526 933 1577 25

57 1596 155 1661 Senot
176 1597 282 1680 quiete
304 1618 399 1680 seque
422 1597 547 1660 dedicat
567 1597 642 1681 tibi,

57 1680 199 1745 Gemella
222 1680 336 1745 Castor
359 1683 391 1744 et
411 1682 547 1766 gemelle
570 1679 721 1749 castoris.

428 1893 473 1969 V.

21 2088 23 2092 ¹
56 2016 225 2099 Vivamus,
247 2037 319 2080 mea
339 2016 470 2096 Lesbia,
493 2019 586 2102 atque
608 2039 766 2105 amemus,

55 2100 273 2183 Rumoresque
295 2122 406 2164 senum
429 2101 621 2165 severiorum

57 2184 176 2249 Omnes
198 2184 292 2247 unius
315 2184 518 2247 aestimemus
540 2186 630 2249 assis.

57 2267 149 2332 Soles
172 2266 315 2331 cocidere
338 2270 371 2330 et
391 2267 493 2330 redire
513 2271 663 2352 possunt:

54 2351 159 2418 Nobis
182 2372 254 2415 cum
276 2350 374 2414 semel
395 2351 513 2415 oceidit
533 2352 636 2417 brevis
657 2353 727 2438 lux,
916 2366 933 2417 c

54 2435 130 2502 Nox
152 2438 201 2499 est
221 2438 374 2519 perpetua
394 2457 459 2499 una
480 2435 674 2502 dormienda.

56 2519 175 2583 Demi
196 2519 286 2583 basia
306 2519 408 2602 mille,
432 2519 545 2584 deinde
567 2523 709 2604 centum,

54 2602 141 2666 Dein
161 2603 249 2667 mille
271 2603 384 2686 altera,
408 2602 482 2666 dein
503 2604 641 2669 secunda
663 2608 805 2689 centum,

54 2686 178 2750 Deinde
200 2708 299 2771 usque
322 2687 422 2750 altera
442 2685 545 2769 mille,
568 2686 681 2753 deinde
703 2693 839 2755 centum.

54 2769 153 2853 Dein,
177 2792 249 2834 oum
270 2770 360 2834 milia
380 2770 482 2834 multa
503 2771 685 2857 fecerimus,
900 2785 933 2835 ιο

56 2853 325 2919 conturbabimus
347 2854 416 2951 illa,
437 2876 479 2918 ne
501 2855 652 2939 sciamus,

55 2940 123 3002 Aut
142 2939 256 3021 nequis
277 2938 380 3015 malus
401 2938 543 3003 mvidere
563 2941 680 3024 possit,

55 3021 138 3088 Cum
157 3024 286 3087 tantum
308 3023 387 3086 sciet
408 3043 476 3086 esse
497 3022 667 3088 basiorum.

375 3153 528 3163 -—--

417 3237 479 3315 VI.

54 3360 159 3443 Flavi,
183 3359 311 3425 delicias
334 3361 404 3424 tuas
427 3360 569 3444 cauno,

54 3445 118 3511 Nei
140 3445 205 3509 sint
226 3445 385 3530 inlepidae
407 3448 501 3531 atque
523 3446 738 3532 inelegantes,

745 3554 758 3600 1
766 3548 781 3582 Β
