2258 4148
78 179 139 250 uc]
458 178 575 236 nnnc.
967 179 1004 241 11

78 362 136 404 unc
159 362 231 404 eum
252 340 326 405 volo
350 339 388 404 de
409 342 466 404 tuo
487 343 586 425 ponte
607 342 733 406 mittere
754 364 907 427 pronum,

96 426 173 508 pote
195 425 347 488 stolidum
368 427 499 508 repente
520 426 657 490 excitare
677 429 844 491 veternum

78 531 83 571 5
106 509 256 591 supinum
278 509 421 573 animum
442 511 476 572 in
497 511 589 593 gravi
611 510 826 594 derelinquere
842 532 951 594 caeno,
973 523 1004 573 25

78 614 190 657 erream
212 596 249 657 ut
270 593 390 657 soleam
411 595 517 657 tenaci
538 594 574 656 in
594 594 746 678 voragine
767 595 865 662 mula.

383 804 663 880 XVHl—XXI.

126 928 253 1010 Aureli,
276 930 367 1012 pater
388 928 627 1011 essuritionum,

126 1012 203 1080 Non
224 1011 337 1075 harum
358 1010 469 1093 modo,
493 1011 548 1076 sed
570 1014 648 1095 quot
669 1015 723 1076 aut
744 1012 872 1078 fuerunt·

125 1097 194 1159 Aut
215 1098 289 1159 sunt
310 1099 366 1159 aut
388 1095 460 1159 aliis
483 1097 576 1159 erunt
595 1096 631 1159 in
652 1097 759 1179 annis,

125 1179 276 1244 Pedicare
298 1180 387 1263 cupis
408 1200 497 1243 meos
519 1200 651 1244 amores.

125 1262 194 1328 Nec
217 1264 312 1328 clam:
335 1285 411 1327 nam
434 1263 529 1327 simul
544 1283 598 1345 es,
619 1263 735 1327 iocaris
756 1284 834 1347 una,
988 1275 1005 1324 5

125 1346 246 1411 Haeres
269 1346 310 1409 ad
331 1347 415 1410 latus
437 1346 545 1410 omnia
565 1347 726 1429 experiris.

125 1430 271 1494 Frustra:
293 1452 369 1494 nam
390 1429 523 1493 insidias
544 1428 625 1492 mihi
645 1429 856 1494 instruentem

126 1513 271 1597 Tangam
293 1517 325 1578 tc
346 1513 436 1597 prior
456 1513 679 1576 inrumatione.

126 1598 232 1680 Atque
254 1597 287 1661 id
310 1597 337 1661 si
358 1598 478 1662 faceres
501 1599 603 1676 satur,
625 1598 778 1661 tacerem:

126 1681 221 1746 Nunc
242 1681 348 1765 ipsum
369 1682 402 1745 id
424 1681 531 1763 doleo,
555 1680 639 1763 quod
661 1681 811 1765 essurire,
972 1693 1006 1744 ιο

125 1766 157 1828 Α
179 1786 316 1848 meme,
338 1787 417 1849 puer
438 1767 471 1828 et
492 1764 579 1828 sitire
601 1763 711 1829 discet.

126 1849 230 1923 Quare
252 1849 375 1931 desine,
398 1848 473 1912 dum
494 1848 570 1913 licet
590 1847 723 1932 pudice,

119 1931 177 2033 ,Ne
198 1932 294 1996 finem
315 1933 427 2017 faciaS,
450 1933 505 1997 sed
526 1933 713 1996 inrumatus.

464 2143 579 2216 XXII.

127 2267 274 2332 Suffenus
296 2267 372 2348 iste,
394 2264 494 2347 Vare,
517 2285 611 2347 quem
631 2265 732 2349 probe
752 2264 856 2350 nosti,

126 2351 266 2415 Homost
286 2353 438 2414 venustus
460 2353 493 2414 et
514 2349 606 2413 dicax
628 2352 661 2414 et
681 2349 838 2434 urbanus,

126 2435 276 2519 Idemque
299 2433 395 2519 longe
416 2433 570 2517 plurimos
592 2434 671 2498 facit
691 2454 809 2498 versus.

126 2518 208 2582 Puto
231 2528 299 2582 esse
321 2539 381 2603 ego
403 2517 451 2581 illi
471 2518 561 2581 milia
583 2520 638 2581 aut
659 2517 769 2582 decem
790 2521 845 2582 aut
865 2518 958 2601 plura

125 2602 318 2686 Perscripta,
341 2623 401 2667 nec
423 2603 469 2667 sic
489 2604 527 2666 ut
547 2602 584 2664 fit
604 2602 640 2664 in
660 2601 893 2685 palimpseston
987 2613 1003 2664 5

125 2685 252 2750 Relata:
276 2685 404 2750 chartae
425 2685 546 2770 regiae,
568 2685 663 2749 novei
685 2685 774 2768 libri,

125 2769 228 2834 Novei
249 2770 406 2852 umbilici,
428 2770 497 2834 lora
517 2769 629 2851 rubra,
650 2769 836 2832 membrana

124 2853 261 2918 Derecto
282 2853 429 2937 plumbo,
453 2856 485 2918 et
527 2852 630 2918 umice
652 2853 761 2916 omnia
782 2854 925 2936 aequata

125 2937 214 3001 Haec
236 2959 307 3001 cum
329 2938 417 3022 legas
438 2938 489 3019 tu,
505 2875 614 3001 bellus
635 2936 690 3001 ille
713 2939 745 3000 et
765 2936 906 3001 urbanus

126 3020 272 3086 Suffenus
294 3043 376 3085 unus
398 3021 614 3106 caprimulgus
636 3023 692 3083 aut
715 3021 820 3084 fossor
973 3032 1005 3081 10

125 3103 247 3168 Rursus
269 3103 409 3168 videtur:
430 3107 556 3169 tentum
578 3103 728 3168 abhorret
749 3123 785 3166 ac
806 3104 921 3170 mutat.

125 3188 197 3252 Hoc
220 3189 293 3285 quid
316 3191 463 3272 putemus
486 3188 576 3253 esse?
600 3187 654 3271 qui
675 3186 770 3250 modo
793 3207 904 3254 scurra

124 3273 192 3335 Aut
214 3273 317 3355 s1quid
338 3271 400 3336 hac
420 3294 456 3336 re
477 3272 587 3337 scitius
609 3268 790 3355 videbatur,

125 3355 215 3420 Idem
236 3356 407 3420 infacetost
427 3356 596 3420 infacetior
616 3375 702 3436 rure,

124 3438 228 3506 Simul
248 3443 398 3523 poemata
419 3440 537 3525 attigit,
558 3459 661 3522 neque
683 3436 768 3502 idem
789 3458 939 3521 umquam
971 3448 1003 3499 15
