2258 4148
517 193 671 250 crrvuur
909 197 1001 268 [xxx

169 355 238 420 Ten
259 354 423 438 provincia
443 356 552 420 narrat
573 378 641 420 esse
662 355 802 420 bellam?

169 438 288 503 Tecum
309 439 424 504 Lesbia
444 443 555 504 nostra
577 440 791 524 conparatur?

169 521 197 587 0
220 523 358 587 saeclum
379 524 540 607 insapiens
563 527 596 587 et
616 524 802 588 infacetum!

474 737 692 812 XXXXIIH.

158 858 197 923 Ι0
218 858 316 923 funde
338 862 447 923 noster
468 881 525 923 seu
547 859 664 925 Sabine
686 882 742 925 seu
763 859 892 943 Tiburs,

169 941 268 1056 (YNam
290 946 322 1006 te
343 964 411 1007 esse
426 943 589 1007 Tiburtem
604 948 785 1027 autumant,
808 944 921 1028 quibus
936 966 1001 1010 non

168 1025 266 1091 bordi
287 1026 447 1091 Catullum
468 1027 610 1092 laedere:
632 1031 666 1091 at
687 1028 800 1112 quibus
822 1028 955 1111 cordist,

168 1109 286 1184 Quouis
309 1109 463 1174 Sabinum
483 1111 618 1195 pignore
641 1133 709 1176 esse
731 1112 941 1196 contendunt)

118 1207 135 1255 ὁ
168 1192 231 1258 Sed
251 1214 307 1256 seu
329 1193 446 1258 Sabine
468 1195 534 1259 sive
555 1195 659 1259 verius
681 1194 810 1279 Tiburs,

167 1276 227 1340 Fui
248 1277 386 1341 libenter
406 1277 442 1341 in
461 1281 518 1342 tua
539 1279 720 1342 suburbana

166 1359 254 1424 Villa
274 1361 454 1445 malamque
475 1365 603 1445 pectore
625 1364 730 1446 expuli
751 1363 881 1446 tussim,

165 1442 242 1509 Non
263 1445 432 1510 inmerenti
454 1467 549 1530 quam
572 1446 652 1511 mihi
673 1468 762 1511 meus
784 1450 908 1530 venter,

166 1527 253 1592 Dum
275 1533 475 1613 sumptuosas
497 1530 626 1613 adpet0,
649 1531 750 1613 dedit,
773 1551 876 1594 cenas.

105 1625 139 1675 10
167 1611 267 1694 Nam,
290 1612 453 1678 Sestianus
475 1614 550 1677 dum
572 1615 645 1679 volo
667 1635 736 1678 esse
758 1615 907 1698 conviva,

167 1695 351 1760 Orationem
373 1697 408 1760 in
428 1697 564 1760 Antium
584 1699 752 1780 petitorem

165 1778 298 1843 Plenam
319 1780 433 1845 veneni
455 1783 487 1844 et
507 1781 708 1863 pestilentiae
730 1781 805 1865 legi.

164 1861 299 1928 Hieme
320 1863 451 1948 gravido
473 1864 591 1948 frigida
613 1868 646 1929 et
665 1865 814 1948 frequens
835 1866 933 1930 tussis

166 1946 336 2021 Quassavit
355 1969 454 2031 usque
476 1948 551 2011 dum
572 1949 607 2012 in
628 1951 718 2013 tuum
741 1949 846 2012 sinum
867 1950 937 2035 fugi

103 2043 134 2090 15
162 2029 207 2093 Et
227 2052 278 2095 me
300 2032 441 2096 recuravi
463 2033 590 2115 otioque
613 2036 645 2097 et
665 2034 776 2098 urtica.

166 2109 269 2188 Quare
290 2116 424 2181 refectus
445 2117 599 2181 maximas
620 2117 680 2181 tibi
701 2121 808 2202 grates

53 2241 57 2247 -
163 2198 253 2282 Ago,
276 2220 382 2263 meum
404 2201 488 2284 quod
508 2222 576 2265 non
598 2224 631 2266 es
652 2202 721 2265 ulta
741 2202 918 2285 peccatum.

163 2279 233 2345 Nec
255 2280 407 2366 deprecor
428 2285 510 2368 iam,
533 2285 561 2347 si
581 2286 705 2349 nefaria
727 2285 846 2368 scripta

164 2362 248 2428 Sesti
269 2387 415 2450 recepso,
438 2369 515 2451 quin
536 2369 735 2450 gravidinem
757 2372 790 2433 et
810 2368 924 2432 tussim

100 2461 135 2510 20
161 2445 239 2512 Non
259 2449 320 2534 mi,
343 2449 398 2513 sed
419 2451 482 2534 ipsi
504 2450 607 2515 Sestio
630 2452 712 2515 ferat
733 2452 834 2536 frigus
840 2499 850 2535 ,

163 2530 225 2605 Qui
245 2534 314 2597 tum
335 2535 428 2598 vocat
448 2555 514 2612 me,
537 2555 609 2598 cum
630 2535 749 2598 malum
770 2535 887 2599 librum
908 2535 983 2620 legi.

504 2663 656 2674 .—

382 2804 385 2814 .
487 2746 667 2821 XXXXV.
708 2801 710 2804 ψ

161 2868 287 2932 Acmen
308 2868 489 2952 Septumius
512 2891 585 2934 suos
608 2890 731 2934 amores

162 2950 288 3016 Tenens
309 2953 345 3016 in
365 2951 488 3036 gremio
511 2958 614 3018 ‘mea’
636 2954 743 3036 inquit
764 2954 898 3039 ‘Acme,

160 3033 206 3100 Ni
226 3039 259 3101 te
279 3035 403 3120 perdite
425 3058 495 3100 amo
518 3039 612 3120 atque
634 3057 740 3102 amare
761 3059 857 3121 porro

162 3118 281 3186 Omnes
304 3143 374 3185 sum
396 3120 524 3184 adsidue
546 3124 676 3203 paratus
698 3141 797 3184 annos

112 3217 129 3264 5
162 3202 321 3279 Quantum
343 3204 397 3288 qui
418 3206 493 3288 pote
514 3203 685 3286 plurimum
706 3205 823 3288 perire,

162 3285 255 3351 Solus
276 3288 312 3352 in
332 3287 433 3371 Libya
454 3286 585 3352 Indiave
606 3290 691 3352 tosta

162 3368 273 3434 Caesio
294 3373 421 3436 veniam
442 3371 554 3436 obvius
576 3372 685 3436 leoni?

160 3452 232 3518 Hoc
253 3457 289 3518 ut
311 3454 405 3539 dixit,
428 3457 543 3540 Amor,
566 3456 752 3520 sinistrant
773 3458 862 3542 ante,
