2258 4148
160 165 202 229 52
562 165 715 224 curvam
1030 162 1123 236 [uxr

224 330 337 406 Qualia
358 329 416 394 sub
438 328 545 393 densis
566 349 725 393 ramorum
747 327 889 391 concinit
907 325 1032 390 umbris

266 413 396 477 Daulias
418 414 578 496 absumpti
599 413 665 475 fata
685 432 816 495 gemens
838 410 945 494 Itylei)
969 447 1012 458 —

177 511 208 560 15
224 497 286 563 Sed
306 501 416 561 tamen
430 498 464 560 in
478 497 576 560 tantis
592 495 786 559 maeroribus
825 493 947 576 Ortale,
970 494 1069 557 mitto

266 580 355 644 Haec
377 602 525 663 expressa
546 580 606 643 tibi
628 579 768 642 carmina
788 544 968 660 battiadae,

223 663 274 729 Ne
295 667 351 727 tua
372 663 457 727 dictu
477 663 566 747 vagis
588 663 779 745 nequiquam
801 661 921 725 credita
940 661 1048 725 ventis

266 747 438 811 Effluxisse
460 768 530 810 meo
552 747 636 810 forte
658 749 749 829 putes
772 745 894 826 animo,

224 830 271 895 Vt
291 831 423 895 missum
444 830 554 914 sponsi
575 829 692 893 furtivo
714 850 844 892 munere
865 828 985 892 malum

176 929 209 977 20
265 914 427 978 Procurrit
449 917 536 978 casto
559 912 691 997 virginis
714 934 730 976 e
752 911 891 996 gremio,

225 997 317 1072 Quod
337 998 470 1062 miserae
492 997 609 1061 oblitae
630 982 721 1059 molli
743 996 801 1059 sub
823 997 910 1059 veste
931 995 1091 1069 locatum,

268 1081 355 1145 Dum
376 1081 514 1144 adventu
535 1079 645 1143 matris
667 1078 808 1163 prosilit,
831 1078 1003 1143 excutitur:

225 1170 255 1228 A
292 1186 331 1228 ue
352 1164 430 1227 illud
451 1183 554 1246 prono
575 1183 726 1259 praeceps
748 1162 853 1247 agitur
874 1161 1022 1245 decursu,

300 1248 351 1311 uic
372 1250 480 1310 manat
502 1247 587 1310 trist
609 1246 755 1310 conscius
778 1267 831 1309 ore
853 1245 959 1308 rubor.

577 1459 703 1532 LXVI.

226 1584 342 1650 Omnia
363 1584 417 1667 qui
438 1583 548 1667 magni
570 1582 708 1665 dispexit
728 1580 850 1644 lumina
870 1579 997 1662 mundi,

269 1667 330 1742 Qui
353 1668 514 1730 stellarum
537 1669 624 1729 ortus
648 1665 801 1748 comperit
822 1667 916 1747 atque
938 1664 1061 1747 obitus,

225 1751 405 1814 Flammeus
426 1753 463 1813 ut
483 1749 586 1832 rapidi
607 1749 684 1812 solis
706 1749 793 1831 nitor
813 1749 1012 1830 obscuretur,

268 1833 314 1898 Vt
335 1834 448 1898 cedant
469 1833 563 1896 certis
586 1832 689 1896 sidera
710 1833 921 1916 temporibus,

196 1916 273 1981 th
293 1916 432 1980 Triviam
453 1917 563 1979 furtim
586 1917 645 1981 sub
666 1915 791 1980 Latmia
812 1937 887 1980 saxu
906 1915 1054 2000 relegans

269 1999 378 2064 Dulcis
401 2021 490 2064 amor
510 2022 590 2085 gyro
613 2000 744 2065 devocet
765 2001 864 2082 aerio,

216 2084 316 2147 -Idem
338 2105 389 2147 me
410 2084 464 2147 ille
487 2083 600 2149 Conon
623 2085 750 2148 caelesti
771 2084 807 2147 in
828 2083 947 2147 lumine
969 2082 1050 2146 vidit

270 2167 297 2230 Ε
320 2167 493 2232 Beroniceo
515 2169 632 2232 vertice
655 2169 824 2232 caesariem

229 2250 419 2334 Fulgentem
442 2252 539 2334 clare,
562 2273 657 2334 qnam
679 2252 801 2315 cunctis
823 2251 879 2314 illa
900 2250 1030 2314 deorum

182 2347 213 2395 ιο
269 2333 365 2398 Levia
384 2334 577 2416 protendens
598 2335 730 2398 brachia
751 2334 939 2418 pollicitast,

230 2417 299 2492 Qua
320 2438 375 2480 rex
396 2420 584 2500 tempestate
606 2440 691 2482 novo
713 2421 822 2482 auctus
844 2416 1020 2500 hymenaeo

271 2499 439 2565 Vastotum
459 2501 532 2564 finis
553 2501 654 2565 iverat
675 2502 839 2584 Assyrios,

229 2583 342 2649 Dulcia
362 2589 535 2650 nocturnae
556 2588 688 2669 portans
709 2585 845 2669 vestigia
866 2585 967 2667 rixae,

272 2669 372 2744 Quam
395 2668 433 2732 de
455 2669 606 2753 virgineis
628 2673 770 2766 gesserat
791 2668 919 2733 exuviis.

182 2764 212 2813 15
227 2752 327 2816 Estne
348 2751 440 2815 novis
461 2753 569 2835 nuptis
592 2754 665 2817 odio
686 2753 807 2819 venus?
830 2773 912 2816 anne
933 2755 1104 2836 parentum

271 2836 476 2899 Frustrantur
496 2836 585 2900 falsis
607 2838 725 2922 gandia
745 2837 931 2919 lacrimulis,

229 2918 375 2982 Vbertim
396 2918 529 2982 thalami
551 2942 628 3003 quas
650 2923 734 2985 intra
756 2923 876 2985 lumina
896 2919 1057 2984 fundunt?

271 3002 361 3084 Non,
384 3002 429 3065 ita
449 3024 500 3066 me
523 3002 601 3085 divi,
624 3026 697 3068 vera
718 3007 864 3089 gemunt,
888 3004 1011 3068 inerint.

229 3085 268 3149 Id
291 3106 361 3149 mea
381 3107 432 3149 me
452 3086 562 3149 multis
585 3086 693 3151 docuit
713 3089 824 3172 regina
846 3087 993 3170 querellis
1023 3089 1026 3096 “

181 3183 214 3231 20
270 3169 431 3233 Invisente
452 3191 536 3233 novo
558 3171 677 3252 praelia
697 3175 788 3235 torva
809 3172 885 3236 circ.

229 3253 283 3316 An
304 3256 339 3315 tu
360 3274 427 3317 non
449 3253 560 3317 orbum
581 3254 662 3318 luxti
683 3255 806 3319 deserta
828 3255 945 3337 cubile,

273 3336 335 3400 Sed
356 3336 462 3400 fratris
484 3338 549 3400 cari
565 3337 670 3402 flebile
693 3338 881 3402 discidium?

231 3420 333 3496 Quam
353 3421 479 3504 penitus
501 3425 636 3485 maestas
659 3423 781 3486 excedit
802 3443 876 3486 cura
897 3422 1067 3490 medullasl
