2258 4148
541 197 695 256 crrvm
1036 200 1106 276 [ou

582 365 655 440 ΟΠ.

206 495 240 560 Si
262 495 430 580 quicquam
450 495 549 560 lecito
571 497 797 561 conmissumst
817 497 881 563 fido
903 498 944 563 cb
966 500 1089 584 cmicO,

248 578 345 644 Cuius
367 580 410 644 sic
430 580 557 664 penitus
579 583 657 644 nola
677 580 755 645 fides
778 582 893 665 animi,

205 663 320 747 Meque
342 685 411 729 esse
431 665 574 728 invenies
595 664 723 728 illorum
744 665 812 729 iure
835 668 1010 751 sacratum,

249 746 393 832 Oorneh',
415 751 448 812 et
468 748 588 812 factum
609 770 660 812 me
683 771 752 814 esse
768 752 847 833 puta
861 748 1103 834 Harpocratem

578 961 667 1036 ΟΠΙ.

206 1092 288 1174 Aut,
311 1092 420 1175 sodes,
442 1091 522 1156 mihi
543 1090 639 1169 redde
661 1091 770 1157 decem
792 1093 952 1178 sestertia,
975 1094 1043 1160 Silo
1050 1143 1062 1179 ,

249 1175 373 1240 Deinde
395 1178 463 1240 esto
485 1177 628 1259 quamvis
651 1197 761 1241 saevus
784 1179 817 1241 et
836 1177 1027 1245 indomitus:

207 1260 289 1342 Aul,
313 1259 341 1323 si
361 1263 394 1324 te
414 1260 538 1324 nummi
560 1259 721 1324 delectant
758 1261 866 1326 desine
892 1283 1007 1333 ¹uaeso

249 1342 337 1407 Leno
360 1365 429 1408 esse
451 1347 546 1427 alque
568 1343 652 1407 idem
675 1309 787 1409 salvus
810 1349 842 1409 el
863 1283 1048 1412 indomitus.

550 1475 701 1483 -———-—

567 1557 674 1631 cun.
731 1534 753 1556 ⁶

207 1685 318 1752 Credis
339 1709 391 1751 me
412 1689 554 1770 potuisse
575 1709 664 1751 meae
685 1687 873 1754 maledicere
894 1690 995 1774 vilae,

249 1771 415 1836 Ambobus
436 1771 517 1835 mihi
537 1792 617 1854 quae
639 1772 742 1836 carior
763 1776 816 1836 esi
833 1773 956 1838 oculis?

206 1853 283 1920 Non
327 1855 410 1938 ciui,
437 1876 497 1919 nec
518 1855 546 1918 si
566 1876 694 1937 possem
717 1859 784 1920 lam
804 1857 926 1940 perdite
949 1879 1106 1924 amarem:

128 1966 136 1984 ·
249 1878 325 2003 Sed
333 1942 369 2002 tu
391 1961 463 2004 curn
484 1937 637 2021 Tappone
659 1940 767 2004 omnia
787 1945 931 2005 monstra
951 1941 1041 2007 facis.

549 2068 702 2078 ——-

589 2151 660 2226 CV.

207 2281 351 2347 Mentula
373 2288 504 2348 conatur
525 2282 671 2367 Pipleum
693 2284 843 2349 scandere
864 2290 1025 2353 montem:

249 2366 359 2430 Musae
380 2367 514 2432 furcillis
535 2368 740 2451 praecipitem
762 2369 890 2434 eiciunt.

549 2496 700 2506 ——-.-....

579 2581 668 2656 cvl.

137 2756 139 2761 -
208 2710 289 2777 Cum
310 2733 409 2794 puero
431 2712 516 2778 bello
538 2735 726 2797 praeconem
749 2713 802 2797 qui
823 2712 910 2778 ridet
923 2700 1017 2798 -essej

250 2795 333 2872 Quid
355 2797 476 2881 credat,
499 2797 563 2861 nisi
584 2818 618 2862 se
638 2797 774 2862 vendere
797 2797 984 2881 discupere?

551 2929 702 2938 ---—-—-

571 3010 677 3086 GVH.

208 3131 319 3280 Sipuoi
341 3132 553 3232 quid-cupido
575 3135 762 3218 optantique
784 3135 903 3233 optigit
922 3156 1074 3232 umquam
1115 3156 1119 3165 ·

208 3217 1096 3399 nllpllllzdsslillgllllssufflffidnlm,

250 3383 342 3460 Quod
362 3388 395 3448 te
416 3386 572 3469 residuis,
594 3385 723 3469 Lesbia,
745 3386 790 3451 mi
812 3386 941 3472 cupid0,

176 3467 361 3534 oReslituis
385 3469 500 3555 cupido
522 3473 616 3554 alque
638 3471 815 3554 insperanti
834 3471 906 3555 ipsc
926 3472 1026 3538 refers
1046 3475 1089 3538 te.
