2258 4148
646 189 799 247 CATVLLI

441 352 469 418 Ο
492 351 609 436 cubile,
632 352 717 435 quod
738 351 886 417 omnibus

524 461 542 501 *
646 461 664 500 ss
769 461 787 500 ’Β

524 546 542 585 *
645 545 663 584 *
768 546 785 584 *

524 631 541 668 ss
646 631 664 668 *
768 631 786 668 *

484 686 626 752 Candido
648 687 729 770 pede
750 687 840 771 lecti,

441 812 529 889 Quae
550 815 606 878 tuo
628 814 761 876 veniunt
784 834 852 896 ero,

484 896 609 972 Quanta
629 896 761 981 gaudia,
783 918 862 979 quae
883 917 965 981 vaga

482 979 600 1063 Nocte,
623 1001 702 1063 quae
723 979 827 1043 medio
849 980 900 1044 die

442 1063 597 1128 Gaudeat!
621 1063 676 1127 sed
698 1064 765 1128 abit
787 1063 869 1128 dies:

482 1147 635 1230 Prodeas,
658 1169 741 1211 nova
760 1149 871 1231 nupta.

441 1272 573 1356 Tollite,
596 1294 615 1337 ο
637 1272 742 1357 pueri,
764 1273 863 1338 faces:

482 1356 681 1422 Flammeum
702 1356 792 1421 video
814 1357 933 1423 venire.

483 1441 547 1522 lte,
570 1440 728 1505 concinite
749 1440 784 1503 in
804 1440 935 1504 modum

441 1525 487 1589 Ὀ
509 1524 638 1671 HIyImen
658 1523 841 1606 Hymenaee
863 1525 909 1608 io,

483 1608 510 1673 0
565 1629 661 1691 ymen
681 1608 889 1692 Hymenaee?

441 1732 492 1799 Ne
515 1732 569 1797 diu
589 1734 694 1796 taceat
714 1754 832 1815 procax

481 1816 681 1881 Fescennina
701 1817 832 1901 iocatio,

310 1958 319 1970 .
481 1900 551 1966 Nec
572 1921 669 1964 nuces
691 1900 797 1983 pueris
818 1905 916 1987 neget

440 1983 609 2048 Deseraim
631 1983 752 2047 domiui
772 1985 903 2050 audiens

483 2067 687 2134 Concubinus
708 2090 858 2133 amorem.

439 2193 490 2258 Da
511 2216 608 2260 nuces
630 2194 751 2277 pueris,
774 2194 859 2259 iners

482 2277 680 2343 Concubine:
703 2277 788 2342 satis·
803 2279 858 2342 diu

482 2361 600 2426 Lusisti
621 2361 771 2426 nucibus:
794 2362 883 2427 lubet

331 2429 334 2434 ¹
439 2443 509 2509 Iam
530 2445 647 2509 servire
669 2444 805 2510 Talasio.

482 2528 680 2612 Concubine,
703 2550 800 2594 nuces
823 2529 872 2596 da.

439 2652 617 2719 Sordebant
637 2654 697 2718 tibi
718 2655 846 2740 vilicae,
862 2719 867 2728 ,

481 2736 680 2821 Ooncubine,
701 2738 798 2803 hodie
819 2743 913 2824 atque
934 2741 1020 2810 heri:

480 2820 575 2886 Nunc
596 2824 685 2887 tuom
707 2822 879 2889 cinerarius

440 2903 565 2969 Tondet
586 2926 632 2969 os.
660 2906 757 2970 miser
779 2928 799 2969 a
818 2907 916 2973 miser

480 2988 680 3072 Concubine,
701 3011 799 3054 nuces
822 2991 871 3058 da.

437 3112 561 3178 Diceris
583 3115 720 3180 malote
742 3138 762 3180 a
782 3118 846 3182 tuis

479 3197 683 3284 Vnguentate
705 3200 826 3283 glabris
847 3203 962 3270 marite

479 3282 664 3349 Abstinere:
688 3285 743 3348 sed
766 3286 901 3350 abstine.

437 3366 464 3430 0
486 3364 613 3448 Hymen
633 3368 817 3451 Hymenaee
838 3370 885 3454 io,

479 3449 505 3514 0
528 3449 655 3535 Hymen
675 3452 869 3538 Hymenaee.
