2258 4148
49 159 189 230 muni]
478 156 595 215 imm.
979 151 1018 219 61

10 258 18 313 ἰ
52 321 150 386 Hune
172 321 320 384 metuunt
341 339 461 384 omnes.
498 339 600 402 neque
621 319 751 384 mirum:
774 340 851 384 num
872 319 957 384 mala

94 487 223 570 Bestia,
245 508 305 551 nee
326 487 454 570 quicum
475 486 560 551 bella
580 403 810 570 puelliaissliit.

55 572 160 648 Quare
183 573 238 635 aul
260 570 418 635 crudelem
440 591 591 634 nasorum
612 570 755 635 interfice
775 573 914 656 pestem,

95 657 167 720 Aut
188 654 337 719 admirari
359 654 468 719 desine
490 675 545 718 eur
566 654 704 738 fugiunt.

461 783 612 793 ——-

479 867 589 940 LXX.

55 991 146 1058 Nulli
168 1012 203 1056 se
224 990 303 1055 dicit
323 990 437 1054 mulier
459 1011 530 1053 mea
550 989 670 1053 nubere
691 988 787 1053 malle

97 1074 201 1151 Quam
222 1074 316 1157 mihi,
338 1095 406 1138 non
427 1074 455 1138 si
476 1095 510 1137 se
531 1071 591 1156 Iup
615 1073 675 1136 iter
696 1073 765 1156 ipse
786 1074 884 1156 petel.

56 1158 157 1224 Dicit:
180 1159 237 1223 sed
258 1159 370 1222 mulier
392 1157 506 1241 cupido
529 1095 613 1240 quoi
635 1157 714 1220 dicit
734 1158 871 1239 amanti,

86 1242 137 1308 ·In
158 1246 255 1308 vento
278 1246 310 1307 εὴ
330 1242 441 1326 rapida
463 1241 600 1306 scribere
622 1242 749 1324 oporiet
770 1261 860 1324 aqua.

462 1371 611 1380 ——n

473 1453 601 1528 LXXI.

57 1576 167 1663 Siquoi
189 1580 256 1642 iure
278 1578 363 1642 bono
386 1598 475 1642 sacer
496 1575 767 1641 alarumobstitit
786 1573 912 1662 hircus,

95 1663 166 1727 Aut
186 1662 309 1746 siquem
329 1660 443 1726 merito
465 1659 556 1724 larda
576 1658 718 1744 podagra
739 1662 840 1744 secui,

57 1746 209 1810 Aemulus
230 1747 291 1810 iste
312 1749 400 1828 tuos,
423 1745 477 1830 qui
497 1746 641 1808 vostrum
663 1747 788 1809 exercet
808 1765 964 1831 umorem,

95 1829 267 1894 Mirifieosl
287 1830 354 1894 faio
376 1833 488 1893 nactus
509 1831 678 1910 uirumque
699 1828 829 1892 malum.

57 1910 139 1977 Nam
162 1913 309 1996 quotiens
330 1914 443 1996 futuit,
465 1912 585 1977 totiens
606 1911 769 1975 ulciscitur
790 1913 916 1980 ambone
1000 1926 1017 1976 ὁ

94 1997 191 2062 Illam
212 1996 337 2082 adfligit
358 1997 470 2080 odore,
492 1997 560 2079 ipse
581 1995 665 2078 perit
684 1994 836 2080 podagra.

460 2124 611 2135 ----

458 2207 603 2295 LXXII.

56 2329 134 2399 Dice
214 2333 375 2418 quondam
397 2335 500 2398 solum
520 2334 553 2396 te
574 2351 670 2394 nosse
692 2326 869 2415 Catullum,

94 2418 140 2483 Le
179 2416 226 2501 ia,
248 2439 308 2482 nee
329 2440 405 2502 prae
426 2439 478 2482 me
499 2415 580 2480 velle
602 2418 712 2478 tenere
733 2412 852 2479 Iovem.

56 2500 161 2571 [lilexi
182 2505 251 2566 lum
272 2505 304 2566 le
325 2525 393 2567 non
414 2504 540 2566 tantum
560 2501 597 2562 ut
617 2498 731 2581 volgus
754 2498 904 2584 amicam,

95 2584 159 2651 Sed
180 2588 271 2668 pater
292 2589 328 2649 ui
348 2589 465 2683 gualos
488 2582 595 2667 diligit
617 2583 649 2644 εὴ
669 2600 816 2665 generos.

55 2667 149 2735 Nune
169 2673 203 2733 te
226 2690 378 2753 cognom:
401 2691 497 2753 quare
518 2667 578 2732 etsi
599 2665 635 2728 in
658 2664 764 2728 ensius
785 2686 875 2749 uror,
999 2681 1016 2734 ⁶

93 2753 199 2816 Mulio
221 2753 266 2817 mi
287 2756 396 2817 tamen
418 2775 451 2818 es
472 2753 566 2817 vilior
588 2751 621 2813 εὴ
634 2687 751 2812 levior.

54 2834 113 2912 Qui
131 2836 288 2919 polisesl?
310 2838 425 2921 inquis.
458 2836 543 2920 quod
563 2835 724 2898 amantem
744 2831 860 2899 iniuria
877 2836 951 2902 tulis

95 2919 195 3005 Cogit
215 2943 319 2985 amare
340 2922 459 3007 magle,
481 2920 537 2984 sed
558 2919 640 2983 bene
661 2917 744 2981 velle
764 2916 879 2988 minus.

449 3135 613 3211 LXXIII.

54 3253 172 3322 Desine
194 3256 233 3321 de
255 3278 415 3340 quoquam
437 3258 606 3342 quicquam
627 3260 708 3324 bene
729 3259 811 3323 velle
832 3257 946 3325 mereri

95 3342 163 3404 Aut
183 3341 319 3423 aliquem
340 3342 408 3406 fieri
430 3363 524 3425 posse
545 3346 658 3426 putare
703 3344 777 3406 ium.

54 3422 170 3489 Omnia
192 3428 267 3489 suni
287 3426 429 3511 ingrata,
452 3425 534 3490 nihil
555 3427 669 3492 fecisse
714 3426 829 3512 enigne
