2258 4148
912 175 954 242 25

115 343 163 409 Vt
182 345 289 409 tecum
310 345 470 428 loquerer,
493 344 649 428 simulque
670 347 707 409 ut
728 365 839 410 essem.

114 431 163 492 At
184 428 308 492 defessa
328 428 438 492 labore
459 429 601 492 membra
621 432 791 512 postquam

115 512 330 577 Semimcrtua
351 511 469 576 lectulo
491 513 651 595 iacebant,
921 522 953 573 rt

113 595 202 679 Hoc,
225 595 377 678 iocunde,
400 595 460 659 tibi
480 617 596 679 poema
616 595 693 679 feci,

113 679 167 744 Ex
188 700 250 763 quo
296 681 469 762 erspiceres
490 701 597 744 meum
618 679 774 744 dolorem

113 763 211 829 Nunc
232 701 335 826 audax
357 784 432 826 eave
454 763 513 846 sis,
535 784 706 847 precesque
726 764 868 847 nostras,

117 845 269 930 Oramus,
294 868 368 911 cave
391 846 540 943 despuas,
564 848 677 930 ocelle,

114 930 166 995 Ne
187 951 308 1014 poenas
329 929 476 996 Nemesrs
497 934 645 1014 reposcat
666 952 684 994 a
705 934 746 995 te.
919 942 953 991 20

114 1014 177 1079 Est
197 1035 327 1079 vernens
349 1013 423 1078 dea:
445 1015 570 1079 laedere
591 1013 674 1079 hanc
695 1016 815 1079 caveto.

398 1144 550 1154 ----

438 1227 497 1302 LI.

114 1341 176 1406 Ille
198 1341 242 1404 mi
262 1363 322 1424 par
344 1362 413 1405 esse
435 1341 494 1406 deo
515 1341 640 1406 videtur
646 1390 656 1425 ,

116 1425 193 1508 Ille,
216 1425 244 1489 si
264 1425 315 1489 fas
337 1427 399 1508 est,
422 1447 570 1508 superare
592 1424 697 1509 divos,

117 1508 180 1584 Qui
202 1508 314 1573 sedens
337 1509 485 1573 adversus
507 1508 680 1574 identidem
701 1514 734 1574 te

214 1592 345 1675 Spectat
366 1595 399 1656 et
420 1593 508 1658 audit

116 1675 219 1741 Dulce
240 1676 413 1758 ridentem,
434 1677 550 1740 misero
573 1677 658 1762 quod
680 1677 784 1742 omnis

116 1760 145 1824 Ε
167 1761 173 1773 ’
197 1760 224 1823 it
245 1782 357 1824 sensus
379 1759 472 1824 mihi:
494 1783 570 1824 nam
591 1761 686 1825 simul
707 1763 754 1841 te,
788 1756 797 1773 ⁶

116 1783 248 1926 delia,
271 1844 395 1928 aspexi,
417 1844 500 1907 nihil
521 1848 570 1908 est
591 1866 685 1927 super
706 1844 751 1904 mi

117 2011 243 2096 Lingua
264 2011 319 2075 sed
340 2014 463 2097 torpet,
486 2012 591 2077 tenuis
613 2011 672 2075 sub
694 2012 780 2076 artus

117 2095 263 2160 Flamma
284 2096 445 2179 demanat,
469 2097 575 2160 sonitu
598 2097 712 2178 suopte

118 2179 288 2244 Tintinant
308 2201 399 2244 aures
420 2181 578 2265 geminae,
599 2181 752 2264 teguntur

214 2261 351 2328 Lumina
371 2268 474 2329 nocte.

430 2469 510 2545 LIl.

120 2581 244 2665 Otium,
267 2582 406 2667 Catulle,
428 2584 489 2648 tibi
509 2585 724 2649 molestumstr

120 2664 196 2729 Otio
218 2667 340 2732 exultas
361 2669 557 2752 nimiumque
602 2667 688 2731 estis.

121 2748 229 2815 Otium
252 2753 284 2815 et
303 2773 395 2836 reges
416 2754 504 2901 prius
526 2754 559 2816 et
578 2689 688 2816 dectus
922 2759 953 2810 15

216 2834 359 2900 Perdidit
378 2860 417 2901 ur
439 2858 482 2901 ee.

398 2967 550 2978 ---ι

433 3043 511 3115 LII.

120 3153 204 3231 Quid
225 3159 289 3240 est,
312 3156 458 3222 Catulle?
482 3157 557 3240 quid
577 3155 710 3220 moraris
733 3156 853 3220 emori?

121 3239 205 3304 Sella
225 3240 261 3304 in
282 3241 382 3306 curuli
404 3244 524 3305 struma
543 3239 669 3305 Nonius
692 3239 794 3324 sedet,

120 3322 181 3388 Per
203 3325 402 3391 consulatum
422 3326 544 3409 peierat
564 3323 730 3390 Vatinius:

120 3407 203 3484 Quid
225 3412 288 3495 est,
311 3409 457 3476 Catulle?
480 3409 556 3493 quid
577 3408 712 3474 moreris
734 3407 854 3474 emori?
