2258 4148
109 183 154 249 24
519 185 672 244 onwan
901 137 1019 258 [nxxn

196 348 321 432 Verpus
343 349 526 433 praeposuit
546 348 679 432 Priapus
700 349 778 412 ille?
865 402 869 408 .

122 445 142 495 a
194 432 262 496 Vos
284 433 430 497 convivia
451 433 538 496 lauta
559 435 743 515 sumptuose

126 540 143 551 ·
195 515 244 580 De
268 516 318 581 die
340 516 465 580 facitis?
489 516 552 580 mei
573 516 697 580 sodales

196 600 359 675 Quaenmt
379 601 415 664 in
435 600 530 664 trivio
552 598 757 665 vocationes?

517 731 669 740 ——-—-—-

471 811 705 886 XXXXVIH.

197 936 337 1000 Mellitos
359 935 468 999 oculos
491 938 562 998 tuos
569 982 579 1016 ,
601 933 742 1017 Iuventi,

197 1019 302 1104 Siquis
324 1041 375 1083 me
398 1020 483 1082 sinat
504 1038 602 1100 usque
624 1017 761 1099 basiare,

195 1103 304 1188 Vsque
326 1102 367 1166 ad
388 1103 477 1165 milia
497 1101 617 1165 basiem
639 1104 794 1184 trecenta,

195 1186 265 1252 Nec
287 1208 339 1250 um
362 1207 436 1248 uam
458 1185 565 1249 videar
586 1187 673 1248 satur
694 1185 836 1268 firturus,

125 1285 142 1334 ⁶
194 1271 269 1335 Non
291 1270 319 1334 si
341 1208 468 1333 densior
490 1268 586 1332 aridis
608 1269 713 1332 aristis

196 1353 246 1419 Sit
266 1355 394 1418 nostrae
416 1373 507 1436 seges
529 1352 744 1416 osculationis.

466 1565 717 1638 XXXXVHH.

196 1688 411 1753 Disertissime
432 1687 562 1765 Romuli
582 1691 749 1770 nepotum,

195 1773 378 1854 Quotsunt
399 1773 537 1854 quotque
559 1770 661 1854 fuere,
685 1771 790 1835 Marce
813 1769 916 1855 Tulli,

197 1856 342 1939 Quotque
363 1858 438 1938 post
459 1855 529 1919 aliis
552 1859 646 1918 erunt
666 1856 701 1918 in
722 1856 831 1938 annis,

198 1940 324 2004 Gratias
345 1939 406 2003 tibi
424 1938 580 2002 'maximas
603 1937 747 2004 Catullus

195 2023 275 2107 Agit
295 2023 451 2105 pessimus
474 2023 615 2086 omnium
635 2027 745 2106 poeta,
765 2044 767 2048 ·

196 2107 298 2170 Tanto
320 2107 476 2189 pessimus
499 2107 641 2171 omnium
663 2111 760 2190 poeta

197 2190 321 2265 Quanto
343 2191 379 2254 tu
402 2191 540 2273 optimus
563 2192 705 2256 omnium
726 2193 891 2274 patronus.

570 2404 611 2478 L.

195 2524 369 2608 Hesterno,
391 2525 509 2610 Licini,
532 2527 582 2590 die
604 2527 699 2591 otiosi

195 2608 329 2673 Multum
353 2609 486 2673 lusimus
507 2611 542 2674 in
563 2611 642 2675 meis
663 2611 806 2695 tabellis,

195 2691 240 2758 Vt
262 2696 453 2758 convenerat
474 2715 542 2758 esse
564 2695 726 2760 delicatos.

196 2776 344 2841 Scribens
362 2778 537 2843 uersiculos
559 2783 690 2863 uterque
711 2783 857 2843 nostrum

123 2871 142 2924 a
195 2859 339 2925 Ludebat
358 2883 490 2927 numero
512 2863 607 2929 modo
629 2862 690 2928 hoo
711 2864 806 2928 modo
828 2865 920 2947 illoc,

195 2943 343 3008 Reddens
364 2949 473 3011 mutua
493 2970 550 3031 per
571 2949 676 3013 iocum
697 2951 791 3032 atque
813 2948 933 3013 vinum.

195 3028 302 3111 Atque
323 3027 413 3092 illinc
434 3031 497 3095 abii
518 3035 574 3096 tuo
596 3033 703 3115 lepore

194 3111 361 3195 Incensus,
383 3111 502 3197 Licini,
524 3116 724 3198 facetiisque,

195 3192 241 3259 Vt
261 3216 321 3260 nec
342 3217 393 3260 me
414 3198 566 3262 miserum
587 3199 675 3263 cibus
697 3199 834 3274 iuvaret,

109 3292 144 3341 10
192 3277 262 3344 Neo
284 3301 414 3344 somnus
435 3284 559 3366 tegeret
579 3283 684 3366 quiete
706 3283 839 3365 ocellos,

195 3361 257 3426 Sed
277 3365 346 3428 toto
369 3365 543 3429 indomitus
564 3366 669 3430 furore
691 3368 773 3432 lecto

193 3443 345 3512 Versarer
366 3449 497 3533 cupiens
518 3448 623 3515 videre
648 3451 767 3536 lucem,
