2258 4148
112 184 156 252 40
519 186 680 245 cervum

177 350 353 437 ‘Agedum’
376 349 481 435 inquit
503 354 581 434 ‘age
598 349 689 413 ferox
709 349 737 433 i,
760 349 816 498 {th
833 351 869 413 ut
889 348 978 415 hunc

720 454 762 516 αθ
820 482 829 512 s

177 518 242 583 Fac
263 519 311 582 uti
332 518 449 583 furoris
470 518 536 582 ictu
557 517 695 582 reditum
716 516 751 580 in
771 537 904 581 nemora
926 518 1025 603 ferat,
1069 476 1074 535 l

128 614 163 666 80
177 602 250 667 Mea
271 602 369 666 libere
391 603 486 666 nimis
509 602 563 686 qui
584 602 695 686 fugere
716 601 849 684 imperia
871 602 969 684 cupit.

178 686 250 771 Ago
272 686 366 750 caede
388 689 480 770 terga
501 685 614 768 cauda,
637 689 694 749 tua
714 685 847 749 verbera
867 689 995 770 patere,

178 770 244 835 Fac
265 771 381 834 cuncta
401 770 558 854 mugienti
578 769 708 833 fremitu
728 768 799 833 loca
819 770 984 853 rotonent,
1009 802 1012 809 v

178 853 321 918 Rutilem
342 854 433 918 ferox
453 857 561 918 torosa
583 853 704 917 cervice
726 855 819 936 quate
840 853 974 917 iubam’

178 938 236 1001 Ait
255 936 335 1001 haec
355 937 465 1001 minax
486 935 613 1020 Cybebe
634 937 811 1021 religatque
833 937 910 1020 iuga
931 959 1040 1004 manu.

129 1032 163 1083 85
178 1021 277 1086 Ferus
298 1022 368 1105 ipse
390 1043 459 1085 seso
481 1021 654 1085 adhortans
668 1020 814 1104 rapidum
828 1020 944 1084 incitat
961 1023 1073 1105 animo,

178 1103 291 1188 Vadit,
314 1105 436 1188 fremit,
458 1105 608 1190 refringit
628 1104 767 1189 virgulta
787 1104 868 1187 pede
889 1126 984 1189 vago.

180 1189 226 1253 At
246 1188 302 1252 ubi
322 1187 430 1252 umida
451 1188 619 1253 albicantis
640 1189 712 1253 loca
733 1188 836 1252 litoris
857 1185 952 1272 adiit,

179 1272 397 1356 Teneramque
419 1272 500 1336 vidit
520 1272 614 1336 Attin
635 1293 734 1356 prope
755 1291 915 1336 marmora
934 1273 1059 1358 pelagi,

179 1356 272 1421 Facit
292 1356 462 1441 impetum:
485 1357 541 1420 illa
556 1356 685 1421 demens
705 1356 790 1440 fugit
804 1356 839 1419 in
852 1375 985 1420 nemora
997 1358 1072 1421 fera:

128 1452 164 1503 90
178 1440 229 1503 lbi
250 1461 375 1524 semper
395 1461 490 1505 omne
511 1441 594 1505 vitae
616 1440 755 1524 spatium
775 1439 895 1503 famula
915 1439 990 1505 fuit.

179 1523 249 1589 Dea
269 1545 400 1607 magna,
423 1523 482 1588 dea
504 1524 642 1607 Cybebe,
664 1522 812 1606 Didymei
834 1524 892 1587 dea
913 1523 1059 1607 domina,

182 1606 300 1673 Procul
321 1629 341 1671 a
361 1630 432 1672 mea
451 1610 525 1672 tuos
547 1608 589 1671 sit
609 1607 698 1671 furor
719 1607 839 1689 omnis,
864 1627 931 1691 era,
954 1608 1066 1674 domet

180 1691 274 1756 Alios
296 1692 541 1776 agenoreus,
564 1692 644 1756 alios
666 1713 725 1776 age
746 1690 884 1756 rabidos.

528 1905 674 1980 LXHH.

180 2027 307 2092 Peliaco
330 2026 490 2111 quondam
511 2031 686 2125 prognatae
708 2028 823 2093 vertice
844 2028 939 2112 pinus

181 2109 339 2176 Dicuntur
359 2110 496 2195 liquidas
517 2111 660 2195 Neptum
680 2133 774 2176 nasse
795 2133 852 2195 per
873 2112 976 2176 undas

180 2193 337 2259 Phasidos
359 2195 399 2259 ad
419 2195 533 2259 fluctus
555 2197 587 2259 et
608 2196 687 2260 fines
712 2197 879 2279 Aeetaeos,

181 2278 260 2344 (lum
282 2279 357 2343 lecti
378 2279 523 2362 iuvenem
545 2279 685 2364 Argivae
706 2280 822 2344 robora
842 2279 951 2363 pubis,

148 2362 338 2426 orturatam
360 2365 507 2446 optantes
530 2361 658 2428 Colchis
680 2366 820 2427 avertere
841 2363 958 2447 pellem

181 2446 262 2510 Ausi
284 2447 360 2510 sunt
379 2446 461 2510 rada
482 2446 566 2511 salsa
588 2448 651 2512 cita
672 2447 836 2512 decurrere
856 2447 972 2530 puppi,

182 2529 316 2595 Caerula
336 2532 498 2594 verrentes
519 2530 665 2616 abiegnis
687 2551 825 2614 aequora
845 2531 970 2613 palmis.

180 2612 265 2678 Diva
285 2614 399 2696 quibus
421 2615 562 2679 retinens
584 2615 619 2679 in
640 2615 772 2680 summis
793 2613 925 2678 urbibus
947 2634 1037 2678 arces

181 2697 256 2781 Ipsa
277 2697 340 2762 levi
361 2697 439 2762 fecit
457 2699 644 2762 volitantem
665 2698 794 2763 fiamine
816 2719 956 2780 currum,

132 2794 166 2844 ιο
179 2781 279 2846 Pinea
299 2781 497 2867 coniungens
518 2782 652 2847 inflexae
673 2785 761 2846 texta
782 2781 917 2848 carinae

180 2864 242 2930 llle
262 2864 373 2931 rudem
395 2886 488 2930 cursu
508 2867 611 2950 prime
632 2866 748 2930 imbuit
767 2864 995 2950 Amphitriten.

182 2948 270 3024 Quae
291 2948 424 3014 simulac
444 2953 548 3014 rostro
569 2951 738 3014 ventosum
781 2949 914 3014 rescidit
934 2970 1067 3034 aequor,

181 3031 340 3117 Tortaque
361 3033 496 3120 remigio
518 3033 639 3117 spumis
660 2971 826 3098 incanduit
846 3033 947 3118 unda,

180 3116 347 3182 Emersere
368 3117 444 3182 freti
465 3118 592 3182 canenti
613 3139 631 3182 e
652 3118 780 3203 gurgite
801 3118 906 3182 vultus

133 3211 165 3262 ro
181 3200 366 3284 Aequoreos
387 3203 566 3265 monstrum
586 3200 739 3266 Nereides
761 3201 967 3266 admirantes.

181 3284 288 3368 Atque
308 3284 376 3349 illic
397 3285 482 3349 alma
502 3284 649 3349 viderunt
669 3285 739 3350 luce
759 3286 900 3349 marinae

180 3367 335 3433 Mortales
357 3369 442 3434 oculi
462 3368 582 3433 nudato
609 3389 740 3453 corpore
761 3368 929 3452 Nymphas

178 3450 349 3520 Nutricem
369 3454 462 3518 tenus
484 3454 628 3518 extantes
650 3474 667 3518 e
688 3452 816 3538 gurgite
837 3474 928 3520 cane.
