2258 4148
127 198 169 264 36
534 202 687 259 colvm
997 204 1027 275 [1

190 365 266 432 Non
287 365 406 430 fmstra
420 365 628 449 meditantur,
648 363 768 429 habent
780 363 988 429 memorabile
1006 386 1027 449 q·

775 449 826 512 sit

191 533 261 599 Nec
281 535 412 619 mirum,
434 533 561 618 penitus
583 555 662 618 quae
682 534 752 596 tota
772 534 880 596 mente
901 532 1027 598 laborer

144 630 175 680 15
190 617 259 683 Nos
281 619 343 683 alio
365 621 503 701 mentes,
525 618 588 682 alio
611 617 774 681 divisimus
796 637 903 681 aures:

191 702 263 766 lure
285 703 384 788 igitur
404 702 582 785 vincemur,
604 704 690 765 amat
710 701 844 764 victoria
865 721 984 765 curam.

192 785 296 860 Quare
317 807 403 849 nunc
424 786 548 849 animos
570 786 683 849 saltem
705 784 879 849 convertite
901 787 1027 867 vestros¹

193 867 307 934 Dicere
328 870 393 933 iam
414 869 583 954 incipient,
605 869 669 932 iam
690 866 881 950 respondere
903 868 1027 933 decebit

234 977 363 1061 Hymen
377 998 396 1042 o
412 977 610 1061 Hymenaee,
630 975 758 1061 Hymen
772 976 846 1040 ades
860 998 879 1041 o
895 975 1027 1061 Hymenr

144 1135 177 1182 20
191 1120 349 1204 Hespere,
373 1121 427 1204 qui
449 1119 536 1183 11111
558 1119 659 1183 fertur
679 1118 835 1183 crudelior
854 1119 964 1203 ignis?

193 1203 254 1278 Qui
275 1206 383 1267 natam
404 1204 508 1287 possis
530 1202 687 1285 conplexu
708 1203 841 1266 avellere
862 1204 990 1286 matris,

195 1287 361 1370 Oonplexu
381 1287 493 1351 matris
514 1287 705 1350 retinentem
727 1287 861 1351 avellere
881 1291 989 1350 natam

192 1371 238 1436 Et
257 1371 364 1436 iuveni
385 1370 509 1435 ardenti
531 1372 650 1434 castam
671 1370 789 1434 donare
810 1371 959 1453 puellam.

195 1454 281 1536 Quid
302 1455 425 1520 faciunt
444 1454 553 1519 hostes
578 1457 670 1538 capta
691 1453 847 1518 crudelius
868 1454 967 1519 urbe?

145 1577 178 1625 co
235 1562 364 1648 Hymen
378 1585 397 1629 o
412 1563 610 1647 Hymenaee,
625 1562 754 1646 Hymen
768 1562 843 1627 ades
859 1584 877 1627 ο
892 1562 1027 1646 Hymenu

177 1705 352 1791 Hespero,
376 1705 430 1788 qui
452 1706 539 1770 caelo
560 1706 646 1770 lucet
665 1705 831 1770 iocundior
851 1705 960 1790 ignis?

195 1788 257 1863 Qui
279 1789 435 1872 desponsa
455 1791 511 1852 tua
531 1789 637 1853 firmes
660 1790 797 1854 conubia
820 1789 966 1874 flamma,

195 1873 281 1947 Quae
302 1873 452 1957 pepigere
473 1873 549 1958 viri,
570 1874 762 1959 pepigerunt
783 1876 856 1938 ante
877 1875 1021 1956 parentes

194 1955 263 2022 Nec
284 1956 414 2020 iunxere
435 1957 523 2040 prius
545 1978 639 2040 quam
661 1979 694 2022 se
715 1960 789 2021 tuus
811 1957 925 2021 extulit
946 1957 1027 2021 ardor

130 2053 180 2103 '30
195 2039 277 2115 Quid
298 2040 391 2103 datur
412 2062 430 2104 1
452 2040 532 2105 divis
554 2041 640 2105 felici
661 2042 800 2124 optatius
821 2040 922 2105 hora?

236 2149 365 2232 Hymen
380 2171 398 2214 ο
414 2149 613 2233 Hymenaee,
629 2154 754 2232 Hymen
768 2149 842 2214 ades
856 2171 875 2214 o
890 2148 1027 2233 Hymenc

476 2259 494 2297 1
721 2258 740 2298 s
984 2297 986 2301 .

195 2366 358 2451 Hesperus
380 2366 528 2450 euobis,
551 2306 711 2452 aecluales,
735 2367 866 2431 abstulit
886 2390 983 2433 unam

477 2475 495 2514 e
722 2477 741 2517 s

139 2570 144 2577 ’
236 2577 364 2660 Hymen
385 2524 618 2661 oHymeuuee:lt
632 2578 759 2664 Hymen
773 2580 847 2645 udus
860 2599 878 2644 o
892 2577 1027 2662 Hymen

476 2685 495 2725 8

600 2735 617 2773 *⁸
721 2688 740 2728 *

194 2784 340 2879 Namque
361 2797 417 2859 tuo
440 2793 577 2859 adventu
597 2795 710 2879 vigilat
731 2795 873 2860 custodia
894 2818 1027 2881 semper.

194 2880 299 2944 Nocte
319 2879 421 2943 latent
440 2878 542 2963 fures,
565 2899 644 2962 quos
666 2879 750 2944 idem
772 2901 865 2963 saepe
885 2884 1027 2946 reverter

147 2976 180 3025 35
194 2963 260 3028 Hes
284 2984 350 3046 ere,
372 2964 493 3026 mutato
516 2963 705 3046 comprendis
726 2964 856 3028 nomine
877 2964 977 3030 Heus.

195 3048 242 3111 At
261 2986 341 3110 libet
361 3047 504 3129 innuptis
525 3046 600 3111 ficto
623 3050 655 3111 te
678 3069 805 3132 carpere
828 3052 949 3132 questu.

197 3130 279 3205 Quid
289 3135 367 3214 tum,
379 3131 406 3194 si
418 3132 561 3214 carpunt,
572 3131 670 3195 tacita
680 3153 773 3216 quem
786 3134 893 3197 mente
902 3132 1027 3216 requiro

238 3239 366 3323 Hymen
380 3259 399 3303 o
413 3238 612 3324 Hymenaee,
627 3240 757 3325 Hymen
771 3241 845 3305 ades
860 3262 879 3305 ο
894 3240 1027 3325 Hymen

196 3381 242 3446 Vt
261 3382 321 3446 flos
343 3382 378 3447 in
399 3382 517 3466 saeptis
539 3385 678 3448 secretus
699 3384 839 3448 nascitur
859 3383 979 3469 hortis,

147 3477 181 3528 40
194 3466 328 3552 Ignotus
349 3467 472 3551 pecori,
494 3467 583 3531 nullo
606 3469 774 3533 convolsus
795 3471 915 3552 aratro,
