2258 4148
186 197 227 261 28
595 197 749 259 osuven
1055 197 1124 270 [111

274 361 345 426 Vno
365 361 401 425 in
421 361 554 444 lectulo,
577 359 726 425 erudituli
747 358 856 441 ambo,

271 445 347 510 Non
368 445 420 509 hio
442 466 537 542 quam
557 445 612 508 ille
633 444 736 528 magis
757 464 856 508 vorax
877 441 1016 526 adulta,

270 528 399 593 Rivales
420 528 518 593 soeuei
539 528 757 611 puellularum.

189 626 221 676 ιο
269 613 382 678 Pulere
404 612 553 678 convenit
573 611 717 696 inprobis
740 609 891 676 cinaedis.

602 857 730 931 LVHI.

273 987 361 1055 Caeli
400 988 516 1053 Lesbia
536 991 661 1071 nostra,
684 987 800 1051 Lesbia
820 987 892 1072 illa,

272 1071 334 1136 Illa
353 1037 482 1157 liesbia,
505 1094 600 1156 quam
621 1071 765 1137 Catullus
787 1093 884 1134 unam

272 1154 349 1220 Plus
371 1177 466 1240 qnam
487 1177 520 1220 se
543 1161 637 1239 atque
659 1175 733 1220 suos
755 1155 874 1218 amavit
894 1175 1005 1219 omnes
1012 1203 1023 1237 ,

272 1239 368 1304 Nune
388 1241 424 1303 in
445 1240 617 1323 quadriviis
639 1242 671 1304 et
692 1238 869 1323 angiportis

274 1322 385 1389 Glubit
404 1324 627 1408 magnanimos
648 1322 741 1387 Remi
762 1325 904 1407 nepotes.

592 1569 737 1642 LVIHI.

274 1699 488 1765 Bononiensis
509 1700 593 1764 Rufa
613 1699 765 1764 Rufulum
786 1700 891 1783 fellat,

275 1783 364 1848 onr
385 1783 529 1868 Meneni,
552 1805 645 1867 saepe
667 1803 761 1866 quam
782 1784 817 1847 in
839 1783 1024 1867 sepulcretis

275 1867 409 1931 Vidistis
430 1868 500 1952 ipso
522 1889 633 1951 rapere
654 1866 693 1931 de
714 1887 794 1951 rogo
817 1888 941 1950 cenam,

276 1950 358 2016 Cum
379 1950 561 2015 devolutum
582 1973 621 2016 ex
642 1951 717 2035 igne
739 1972 933 2034 prosequens
954 1971 1072 2035 punem

274 2035 327 2099 Ab
349 2035 500 2100 semiraso
521 2035 706 2099 tunderetur
727 2038 844 2099 ustura.

631 2283 707 2358 LX.

276 2412 363 2479 Num
383 2415 417 2477 te
437 2412 549 2476 leaena
570 2413 732 2478 montibus
753 2413 929 2497 Libystinis

276 2497 345 2561 Aut
365 2495 471 2578 Soylla
492 2496 613 2560 latrans
634 2497 744 2561 infima
764 2497 932 2583 inguinum
953 2498 1043 2580 parte

278 2580 357 2644 Tum
377 2582 484 2644 mente
506 2579 584 2643 dura
604 2582 783 2663 procreavit
804 2603 840 2646 ae
861 2583 978 2663 taetra,

276 2661 323 2728 Vt
344 2663 496 2747 supplicis
518 2684 628 2728 vocem
649 2665 685 2729 in
705 2666 878 2730 novissimo
901 2685 976 2728 casu

208 2759 225 2809 s
277 2747 502 2832 contemptam
522 2746 656 2812 haberes
678 2751 710 2813 a!
733 2749 829 2813 nimis
850 2749 919 2812 fero
942 2746 1060 2812 eorde?

624 2995 717 3068 LXI.

396 3125 497 3193 collis
520 3147 539 3190 o
559 3125 722 3190 Heliconii

439 3209 567 3294 Cultor,
589 3209 728 3274 Vraniae
749 3231 866 3295 genus,

439 3294 501 3370 Qui
522 3295 608 3377 rupis
629 3296 771 3358 teneram
792 3294 832 3358 sd
852 3294 953 3358 virum

396 3377 578 3464 Virginem,
600 3397 619 3441 o
641 3376 824 3461 Hymenaee
845 3377 988 3461 Hymen,

352 3521 355 3526 .
438 3463 465 3528 0
487 3462 615 3545 Hymen
635 3461 834 3546 Hymenaee,
