2258 4148
68 169 194 238 mum]
447 166 564 224 amaa

115 329 248 392 Amicos
269 327 469 411 medicosque
491 331 681 394 convocate:

115 412 192 477 Non
214 415 264 476 est
285 433 363 475 sana
383 413 498 495 puella.
527 433 587 476 nec
608 415 737 498 rogate,

115 495 227 572 Qualis
250 496 306 560 sit:
329 496 413 560 solet
434 516 503 560 esse
524 496 714 581 imaginosa

420 707 601 782 XXXXH.

116 832 253 914 Adeste,
275 830 548 913 hendecasyllabi,
571 835 650 914 quot
671 832 747 896 estis

117 916 237 980 Omnes
258 915 412 997 undique,
435 918 592 997 quotquot
613 916 689 979 estis
712 937 832 981 omnes.

115 999 227 1065 Iocum
248 1020 300 1062 me
321 1001 414 1082 putat
435 1019 504 1062 esse
525 998 659 1062 moecha
678 1000 784 1082 turpis

114 1084 160 1148 Et
181 1085 279 1168 negat
299 1082 380 1146 mihi
400 1083 511 1145 nostra
530 1081 725 1147 reddituram

115 1168 305 1253 Pugillaria,
328 1167 356 1231 si
377 1167 445 1249 pati
466 1166 610 1249 potestis.
767 1196 770 1202 ·
979 1182 996 1232 5

114 1251 346 1334 Persequamur
367 1271 450 1333 eam,
473 1254 506 1314 et
526 1250 751 1335 reflagitemus.

116 1334 204 1408 Quae
226 1336 283 1417 sit,
305 1335 466 1417 quaeritis,
494 1334 565 1418 illa,
588 1356 682 1418 quam
704 1335 819 1400 videtis

116 1417 223 1501 Turpe
244 1418 405 1500 incedere,
427 1419 554 1482 mimice
577 1440 614 1483 ac
634 1419 768 1483 moleste

115 1501 286 1566 Ridentem
308 1501 405 1565 catuli
426 1522 480 1565 ore
502 1501 670 1567 Gallicani.

116 1584 347 1650 Oneumsistite
369 1606 453 1668 eam,
477 1587 509 1648 et
529 1586 586 1649 refl
631 1587 720 1670 tate,
961 1602 997 1652 10

118 1669 270 1733 ‘Moecha
289 1669 415 1752 putida,
437 1668 533 1733 redde
556 1691 593 1734 co
619 1671 734 1752 eidos,

116 1752 242 1836 Redde,
263 1752 375 1836 putida
395 1753 546 1836 moecha,
570 1755 755 1819 codicillos?

114 1835 193 1900 Non
214 1837 292 1900 assis
314 1837 416 1901 facis?
439 1858 458 1900 o
480 1836 598 1921 lutum,
620 1840 769 1922 lupanar,

116 1921 185 1984 Aut
205 1921 233 1985 si
253 1920 407 2004 perditius
428 1923 537 2004 potest
557 1922 632 2006 quid
654 1943 732 1986 esse.

116 2003 179 2068 Sed
200 2026 267 2068 non
288 2007 337 2068 est
356 2007 465 2068 tamen
484 2005 547 2070 hoo
569 2007 646 2070 satis
667 2006 854 2089 putandum.
961 2021 995 2072 15

117 2087 209 2162 Quod
230 2089 258 2151 si
278 2109 346 2152 non
366 2088 454 2152 aliud
474 2092 596 2174 potest,
618 2091 767 2155 ruborem

115 2171 232 2236 Ferreo
254 2172 343 2236 canis
365 2173 578 2257 exprimamus
600 2195 665 2239 ore.

117 2254 321 2320 conclamate
343 2257 458 2321 iterum
480 2257 593 2321 altiore
614 2279 692 2323 voce

116 2338 269 2403 ‘Moecha
289 2340 413 2423 putida,
435 2340 532 2405 redde
554 2341 733 2423 codicillos,

115 2422 240 2505 Redde,
260 2424 372 2507 putida
391 2424 540 2508 moecha,
563 2425 749 2491 codicillos?
960 2442 995 2491 20

116 2506 179 2571 Sed
199 2508 246 2570 nil
267 2508 465 2591 proficimuS,
487 2507 569 2573 nihil
590 2513 745 2574 movetur.

114 2589 301 2655 Mutandast
321 2593 402 2656 ratio
424 2591 599 2675 modusque
621 2594 726 2675 robis,

116 2673 227 2757 Siquid
248 2674 401 2757 proficere
423 2676 557 2759 amplius
579 2679 712 2759 potestis
719 2725 729 2759 ,

115 2757 252 2822 ‘Pudica
273 2762 306 2822 et
326 2759 440 2842 proba,
462 2760 558 2823 redde
582 2760 771 2826 codicillos!

437 2888 590 2898 ———-..

407 2971 608 3047 XXXXlH.

116 3091 225 3175 Salve,
245 3113 305 3157 neo
326 3093 458 3158 minimo
478 3096 586 3178 puella
606 3117 684 3160 naso

114 3175 184 3241 Nec
205 3176 289 3240 bello
311 3176 392 3260 pede
413 3199 473 3242 nec
493 3179 596 3263 nigris
619 3180 729 3244 ocellis

113 3257 183 3324 Nec
205 3260 311 3345 longis
334 3260 444 3357 digitis
464 3283 524 3326 nec
545 3284 600 3327 ore
622 3264 706 3328 sicco

113 3342 184 3407 Nec
206 3365 282 3408 sane
302 3345 400 3408 nimrs
422 3344 567 3430 elegante
589 3347 715 3432 lingua,

113 3425 300 3494 Decoctoris
322 3428 425 3493 amica
445 3428 620 3495 Formiani.
979 3448 995 3495 s

1034 3602 1114 3656 Ι·
