2258 4148
148 227 163 301 ]
466 225 582 281 amna

453 421 596 497 LXVII.

95 555 181 623 dulci
202 552 341 621 iocunda
362 553 445 636 viro,
467 552 604 618 iocunda
624 553 765 637 parenti,

87 641 196 723 Salve,
218 641 313 722 teque
335 639 420 703 bona
440 636 584 720 Iuppiter
606 640 711 701 auctet
733 658 808 720 ope,

57 722 159 806 lanua,
183 744 279 807 quam
299 721 402 786 Balbo
425 720 536 785 dicunt
557 721 690 785 servisse
711 721 851 806 benigne

87 807 191 890 Olim,
214 826 286 870 cum
308 804 398 869 sedes
419 804 488 887 ipse
510 826 607 868 senex
626 805 744 887 tenuit,

10 954 15 979 ‚
56 889 212 974 Quamque
234 889 343 953 ferunt
362 909 470 953 rursus
492 891 567 951 voto
590 889 723 951 servisse
744 887 902 971 maligno,
992 896 1011 946 o

87 972 263 1057 Postquam
285 994 318 1036 es
340 974 486 1054 porrecto
507 972 592 1035 facta
612 972 727 1035 marita
748 991 832 1034 sene.

56 1054 109 1123 llic
173 1057 268 1121 edum
287 1055 397 1138 nobis,
420 1076 516 1138 quare
537 1058 660 1118 mutata
680 1055 793 1118 feraris

89 1140 130 1205 Iu
172 1140 316 1204 ominum
337 1142 477 1203 veterem
499 1138 672 1203 deseruisse
693 1138 797 1202 fidem.

55 1224 143 1291 'Non
157 1223 219 1308 (ita
233 1221 371 1288 Caecilio
386 1223 544 1306 placeam,
567 1223 617 1286 cui
632 1222 748 1286 tradita
761 1242 847 1286 nuno
862 1223 948 1307 sum)

90 1307 195 1391 Culpa
216 1309 335 1389 meast,
358 1327 548 1389 quamquam
569 1306 685 1370 dicitur
706 1328 775 1371 esse
797 1328 882 1389 mea,
979 1317 1013 1366 ιο

55 1390 117 1458 Nec
137 1392 307 1475 peccatum
334 1411 424 1453 ame
446 1390 613 1473 quisquam
640 1394 715 1473 pote
738 1390 841 1455 dicere
862 1389 948 1473 quic·

676 1496 765 1538 unm.

90 1558 212 1624 Verum
232 1558 318 1623 istud
339 1558 450 1642 populi
471 1557 593 1639 fabula,
617 1495 745 1640 odino,
768 1557 858 1636 facit,

10 1683 28 1724 ff
56 1640 122 1727 Qui,
138 1662 336 1727 quacumque
351 1642 469 1725 aliquid
483 1642 639 1724 reperitur
648 1663 715 1704 non
726 1641 806 1704 bene
817 1640 948 1723 factum,

92 1726 146 1791 Ad
165 1748 218 1790 me
241 1747 352 1790 omnes
375 1726 528 1789 clamant:
550 1725 658 1808 ianua,
682 1725 775 1807 culpa
795 1727 904 1789 tuest)

10 1850 27 1892 1
56 1808 126 1877 Non
145 1810 230 1874 istuc
252 1810 328 1873 satis
350 1812 399 1873 est
420 1831 484 1872 uno
505 1812 538 1872 te
561 1809 665 1873 dicere
686 1809 797 1892 verbo,
982 1818 1015 1867 15

94 1892 158 1960 Sed
179 1894 283 1958 facere
305 1895 342 1957 ut
362 1893 465 1976 quivis
487 1893 605 1956 sentiat
626 1895 659 1956 et
678 1892 794 1957 videat.

56 1976 133 2054 ‘Qui
152 1978 306 2061 possum?
328 1997 422 2041 nemo
446 1978 569 2059 quaerit
588 1998 648 2041 nec
670 1977 751 2041 scire
772 1976 918 2041 laborat?

92 2061 163 2127 Nos
184 2062 345 2126 volumus:
367 2060 461 2124 nobis
484 2061 650 2125 dicerene
672 2060 790 2124 dubita.

56 2144 214 2210 ‘Primum
235 2145 348 2229 igitur,
371 2145 462 2228 virgo
484 2144 569 2227 quod
590 2145 690 2207 fertur
703 2144 822 2207 tradita
841 2142 950 2225 nobis,

93 2228 264 2294 Falsumst.
294 2250 362 2293 non
382 2228 471 2292 illam
492 2228 541 2292 vir
562 2228 649 2310 prior
671 2228 827 2312 attigerit,
981 2237 1017 2287 20

53 2312 249 2398 Languidior
269 2315 378 2376 tenera
400 2313 451 2375 cui
472 2311 613 2395 pendens
637 2312 736 2375 sicula
757 2311 831 2374 beta

92 2396 280 2479 Numquam
302 2418 336 2460 se
356 2395 494 2459 mediam
516 2396 644 2459 sustulit
665 2394 705 2458 ad
725 2395 882 2459 tunicam:

54 2479 116 2547 Sed
136 2484 230 2565 pater
250 2480 336 2544 illius
357 2479 449 2564 gnati
470 2478 606 2543 violasse
627 2478 729 2543 cubile

94 2563 223 2629 Dicitur
244 2567 276 2628 et
296 2564 445 2627 miseram
467 2563 697 2626 conscelerasse
720 2562 862 2645 domum,

54 2647 128 2715 Sive
150 2647 235 2731 quod
256 2648 344 2743 inpia
365 2669 455 2710 mens
478 2668 571 2710 caeco
592 2645 749 2730 flagrabat
769 2667 891 2729 amore,
982 2656 1017 2706 25

95 2731 161 2797 Seu
182 2731 267 2814 quod
288 2753 373 2795 mers
395 2731 496 2794 sterili
518 2730 637 2794 semine
657 2733 752 2792 natus
774 2733 854 2811 erat,

53 2814 98 2881 Et
120 2815 317 2899 quaerendus
338 2815 367 2878 is
388 2815 472 2878 unde
494 2815 578 2878 foret
598 2813 762 2877 nervosius
783 2813 878 2895 illud,

96 2898 190 2975 Quod
211 2901 321 2982 posset
341 2919 455 2962 zonam
477 2899 599 2961 solvere
620 2897 818 2980 virgineam?

53 2981 234 3080 Egregium
254 3003 364 3046 narras
385 2983 466 3045 mira
486 2982 604 3065 pietate
625 2984 803 3063 parentem,

96 3065 160 3143 Qur
180 3067 253 3148 ipse
274 3066 324 3130 sui
345 3066 436 3148 gnati
457 3065 607 3129 minxerit
628 3065 664 3127 in
684 3065 850 3148 gremium.
984 3075 1020 3125 30

55 3151 156 3234 Atqui
176 3170 245 3215 non
267 3151 370 3229 solum
391 3147 453 3212 hoc
475 3170 509 3212 se
531 3147 610 3211 dicit
632 3168 669 3211 co
693 3148 796 3211 nitum
816 3146 933 3211 habere

96 3234 209 3299 Brixia
230 3232 374 3317 Cycneae
396 3232 561 3316 supposita
582 3253 656 3314 spec
691 3253 743 3314 ae,
834 3282 839 3298 ,
907 3249 910 3255 ·

55 3317 171 3384 navos
194 3340 289 3402 quam
309 3316 399 3381 molli
420 3317 576 3399 percurrit
596 3316 727 3379 flumine
747 3314 860 3399 Mella,

97 3403 208 3468 Brixia
228 3401 375 3468 Veronae
396 3403 498 3465 mater
519 3404 624 3464 amata
644 3420 743 3462 meae.

57 3487 120 3552 ‘nt
139 3487 178 3552 de
199 3486 364 3552 Postumio
387 3488 420 3548 et
441 3483 570 3550 Corneli
591 3485 700 3547 narrat
721 3503 844 3566 amore,
986 3494 1021 3545 35
