2258 4148
70 176 208 247 [xuni]
448 173 565 230 cinna

419 337 601 411 XXXVII.

118 461 213 526 Salax
234 461 367 524 taberna
387 480 507 542 vosque
529 457 787 545 contubernales,

116 546 148 608 A
170 544 296 628 pilentis
317 564 404 607 nona
425 543 577 607 fratribus
598 544 679 628 pila,

117 628 201 693 Solis
245 628 344 690 utatis
367 648 435 691 esse
458 626 617 704 mentulas
638 627 744 711 vobis,

117 711 201 776 Solis
223 651 334 794 licere,
357 710 511 795 quidquid
533 713 581 774 est
601 711 778 794 puellarum

118 795 314 860 Confutuere
336 797 370 858 et
389 796 501 878 putare
523 797 644 859 ceteros
666 759 794 859 hircos'l

116 881 186 962 An,
210 879 410 942 continenter
432 877 515 961 quod
537 878 654 943 sedetis
676 878 790 943 insulsi

118 962 256 1027 Centum
278 984 320 1026 an
341 962 485 1044 ducenti,
507 983 575 1025 non
595 963 715 1046 putatis
737 983 886 1026 ausurum

116 1046 170 1110 Me
192 1067 257 1109 una
279 1045 430 1110 ducentos
451 1045 612 1111 inrumare
634 1046 796 1110 sessores?

115 1129 217 1213 Atqui
238 1131 361 1212 putate:
383 1150 521 1212 namque
542 1129 641 1194 totius
663 1131 754 1195 vobis

117 1213 271 1278 Frontem
292 1213 444 1277 tabernae
467 1214 687 1296 scorpionibus
709 1213 856 1280 scribam.
964 1226 998 1276 ιο

117 1298 230 1361 Puella
250 1317 327 1359 nam
349 1297 409 1379 mi,
432 1317 512 1379 quac
532 1318 604 1361 meo
626 1299 698 1360 sinu
719 1297 818 1382 fugit,

115 1382 237 1444 Amata
256 1382 383 1442 tantum
405 1382 560 1462 quantum
581 1381 740 1445 amabitur
760 1382 863 1464 nulla,

116 1464 179 1528 Pro
203 1484 265 1546 qua
286 1462 366 1526 mihi
388 1464 464 1526 sunt
483 1484 603 1547 magna
623 1464 708 1527 bella
727 1467 886 1550 pugnata,

119 1547 274 1613 Consedit
295 1546 376 1610 istic.
406 1544 490 1610 hanc
510 1547 588 1611 boni
609 1547 758 1631 beatique

118 1632 237 1696 Omnes
259 1631 381 1713 amatis,
402 1632 435 1693 et
456 1629 597 1713 quidem,
621 1632 705 1714 quod
726 1631 936 1718 indignumst,
966 1645 996 1696 ιε

119 1715 237 1779 Omnes
259 1714 369 1798 pusilli
391 1716 423 1778 et
445 1714 598 1778 semitarii
619 1714 760 1802 moechi;

117 1799 167 1862 Tu
188 1801 313 1881 praeter
334 1818 444 1861 omnes
466 1820 529 1862 une
551 1798 590 1862 de
612 1799 783 1884 capillatis,

118 1882 330 1947 cuniculosae
353 1880 544 1946 Celtiberiae
565 1881 612 1945 fili

117 1966 254 2050 Egnati,
277 1986 295 2028 o
320 1987 377 2029 aca
399 1987 494 2048 quem
514 1966 636 2030 bonum
657 1967 735 2031 facit
755 1968 856 2033 barba

117 2049 163 2115 Et
184 2048 260 2113 dens
318 2049 404 2113 'bera
425 2049 595 2114 defricatus
617 2051 717 2116 urina.
963 2064 997 2113 20

441 2186 593 2197 ---.

980 808 997 858 6

413 2286 612 2360 XXXVIII.

120 2410 251 2493 Malest,
275 2408 441 2492 Cornifiei,
463 2412 518 2474 tuo
541 2409 684 2493 Catullo,

118 2494 249 2576 Malest,
271 2515 321 2558 me
342 2493 485 2577 hercule,
509 2495 542 2558 et
563 2495 612 2557 est
633 2494 804 2578 laboriose,

118 2577 165 2641 Et
185 2578 288 2662 magis
309 2576 412 2662 magis
434 2577 469 2640 in
491 2577 558 2641 dies
580 2579 613 2641 et
633 2575 740 2642 horas.

119 2660 222 2735 Quem
242 2664 293 2742 tu,
318 2661 403 2744 quod
422 2661 591 2724 minimum
612 2661 907 2746 facillimumqnest,
1014 2655 1036 2691 ⁶

120 2744 190 2818 Qua
211 2745 331 2809 solatus
354 2767 387 2809 es
410 2744 635 2808 adlocutione?
980 2758 996 2806 5

118 2828 243 2892 Irascor
264 2829 332 2893 tibi.
362 2829 408 2892 sio
429 2849 517 2892 meos
543 2831 688 2894 amores?

119 2912 256 2977 Paulum
277 2912 353 2996 quid
374 2912 463 2976 lubet
486 2911 711 2998 adlocutionis,

118 2996 274 3062 Maestius
296 2996 435 3060 lacrimis
458 2995 661 3062 Simonideis.

405 3227 623 3302 XXXVIIII.

117 3348 293 3435 Egnatius,
317 3349 401 3433 qnod
423 3348 574 3413 candidos
596 3348 695 3413 habet
716 3350 840 3435 dentes,

117 3433 258 3506 Renidet
277 3453 376 3516 usque
398 3453 531 3516 quaque.
565 3431 611 3497 sei
633 3432 673 3496 ad
695 3435 741 3499 rei
761 3436 922 3501 ventumst

809 3537 844 3588 2⁸
