2258 4148
114 183 153 248 12
517 189 671 247 curvum
978 191 1030 264 [xi

174 352 318 434 Aequest
337 351 448 417 beatus
471 373 507 417 ec
528 373 643 436 poema
664 374 736 417 cum
758 353 882 417 scribit:

176 434 255 498 'Pam
276 436 395 520 gaudet
415 437 450 500 in
471 458 505 501 se
526 441 653 520 tumque
676 458 709 501 se
731 437 800 520 ipse
821 437 963 502 miratur.

174 517 336 584 Nimirum
368 521 454 585 idem
486 541 596 585 omnes
631 520 786 603 fallimur,
823 524 959 604 nequest
992 543 1030 605 qu

760 625 871 687 quam>

177 685 278 762 Quem
298 688 366 752 non
387 689 422 751 in
443 688 549 771 aliqua
569 709 604 752 re
625 688 730 752 videre
753 687 917 753 Suffenum

114 782 147 832 20
175 768 294 835 Possis.
325 793 400 836 suus
422 773 534 855 cuique
556 772 727 836 attributus
749 775 799 835 est
820 794 921 836 error:

177 852 240 919 Sed
261 875 328 919 non
348 855 507 938 videmus,
529 856 687 920 manticae
709 855 793 939 quod
815 857 850 919 in
871 859 1004 940 tergost.

519 993 671 1004 .—

523 1076 655 1149 XXlH.

218 1206 328 1290 rinei,
351 1207 426 1290 quoi
446 1228 549 1290 neque
571 1228 679 1271 servos
701 1209 750 1272 est
769 1228 872 1291 neque
893 1228 968 1272 arca

218 1289 288 1356 Nec
309 1290 411 1355 cimex
432 1312 534 1374 neque
556 1313 688 1356 ereneus
708 1313 812 1375 neque
833 1292 933 1376 ignis,

219 1374 372 1439 Verumst
393 1377 426 1439 et
446 1379 538 1459 peter
559 1379 591 1440 et
610 1396 761 1459 noverca,
785 1396 918 1459 quorum

218 1458 340 1523 Dentes
360 1459 410 1523 vel
434 1460 556 1524 silicem
577 1481 718 1524 comesse
739 1464 889 1543 possunt,

219 1541 281 1606 Est
301 1542 432 1627 pulchre
453 1544 514 1608 tibi
535 1564 607 1608 cum
627 1545 684 1608 tuo
705 1547 835 1628 parente

219 1625 358 1691 Etcum
380 1627 514 1712 coniuge
536 1628 644 1712 lignea
664 1628 814 1712 parentis.

219 1710 289 1775 Nec
310 1711 441 1776 mirum:
463 1711 545 1776 bene
565 1733 642 1775 nam
663 1712 776 1776 valetis
798 1732 923 1792 omnes,

221 1793 357 1859 Pulchre
379 1795 591 1879 concoquitis‚
613 1795 695 1860 nihil
715 1797 851 1879 timetis,

220 1878 296 1943 Non
317 1878 477 1962 incendia,
499 1901 567 1944 non
587 1901 700 1965 graves
720 1881 843 1960 ruinas,

220 1961 297 2025 Non
317 1961 402 2026 furta
422 1963 512 2046 inpia
518 2013 527 2047 ‚
549 1986 617 2028 non
638 1963 728 2027 dolos
748 1963 878 2045 veneni,
988 2032 996 2044 ‚

220 2044 298 2110 Non
319 2067 409 2110 casus
430 2047 510 2111 alios
532 2048 754 2132 periculorum.

220 2130 321 2213 Atqui
343 2151 379 2194 co
420 2151 475 2195 ora
497 2132 629 2196 sicciora
651 2151 749 2195 comu

220 2214 288 2277 Aut
308 2214 390 2297 siqui
433 2216 536 2300 magis
558 2215 713 2279 aridumst
732 2213 856 2279 habetis

222 2295 296 2360 Sole
318 2301 350 2361 et
370 2297 489 2383 frigore
511 2302 544 2363 et
565 2300 762 2364 essuritione.

224 2379 327 2454 Quare
347 2402 415 2446 non
435 2382 495 2446 tibi
517 2383 560 2446 sit
580 2383 661 2447 bene
682 2405 718 2446 ac
740 2382 852 2447 beate?

223 2465 254 2526 A
276 2467 308 2528 te
330 2465 427 2529 sudor
448 2466 552 2549 abest,
574 2467 664 2530 abest
685 2466 799 2546 saliva,

222 2547 397 2631 Mucusque
419 2552 451 2613 et
471 2550 556 2614 mele
575 2550 691 2633 pituita
711 2548 790 2612 nasi.

222 2631 316 2696 Hanc
337 2631 378 2695 ad
399 2632 587 2697 munditiem
609 2633 688 2697 adde
709 2631 924 2716 mundiorem,

223 2715 314 2790 Quod
336 2717 426 2781 culus
446 2716 507 2780 tibi
527 2717 636 2800 purior
657 2716 809 2798 salillost‚

116 2813 150 2862 20
219 2798 289 2864 Nec
308 2801 379 2864 toto
402 2800 506 2864 decies
528 2821 618 2865 cacas
638 2801 674 2865 in
695 2822 797 2883 anno,

222 2884 329 2967 Atque
349 2883 383 2947 id
405 2883 514 2948 durius
536 2887 585 2948 est
604 2883 677 2949 faba
698 2889 731 2951 et
751 2884 884 2970 lapillis3

223 2967 316 3042 Quod
335 2969 372 3030 tu
393 2968 589 3032 simonibus
610 2971 693 3032 teras
715 2970 887 3053 fricesque,

221 3050 298 3116 Non
317 3072 468 3134 umquam
490 3051 523 3115 di
549 3053 627 3115 'tum
648 3052 812 3135 inquinare
832 3052 948 3137 possis.

221 3134 311 3200 Haec
331 3137 368 3199 tu
389 3073 557 3199 commociii
576 3138 643 3199 tem
663 3135 769 3219 beata,
791 3137 880 3221 Furi,

220 3216 298 3283 Noli
320 3239 468 3303 spernere
488 3240 548 3284 nec
569 3221 681 3304 putare
702 3221 805 3302 parvi,

222 3301 267 3366 Et
288 3304 432 3366 sestertia
453 3324 534 3386 quae
556 3304 639 3367 soles
660 3302 784 3386 precari

223 3384 360 3452 Centum
381 3386 504 3452 desine:
527 3409 603 3452 nem
624 3392 674 3451 set
695 3408 729 3451 es
750 3385 869 3449 beatus.

520 3525 672 3536 ῥα*-
