2258 4148
10 221 28 279 ἱ
50 196 132 280 CXL]
262 237 264 240 -
474 198 590 256 LIBER.

89 361 195 428 Nobis
217 383 237 426 ο
260 360 365 425 lucem
387 359 569 425 candidiore
590 359 683 425 notai

52 448 128 524 Quis
149 467 201 510 me
223 467 287 510 uno
310 445 390 509 vivit
410 444 550 526 felicior,
574 447 629 507 aut
649 465 702 507 ma
728 442 753 507 's
774 442 835 508 hac
855 463 907 507 res

91 529 257 615 Optandas
279 529 345 594 vita
367 528 470 593 dicere
492 528 563 612 quis
585 528 704 611 poterit

469 741 593 815 cvm.

52 866 85 933 Si
91 916 101 951 ,
125 864 269 948 Comini,
291 864 402 948 popuii
424 864 554 929 arbitrio
576 867 632 928 tua
652 885 731 927 cana
752 866 898 927 senectus

93 950 250 1034 Spurcata
271 949 394 1033 inpuris
415 948 557 1012 moribus
579 949 728 1030 intereat,

52 1032 129 1100 Non
157 1033 302 1117 equidem
331 1032 441 1096 dubito
470 1033 548 1116 quin
575 1033 713 1115 primum
740 1031 870 1095 inimica
897 1030 952 1094 be·

658 1137 773 1180 norum

94 1200 222 1285 Lingua
243 1202 352 1264 erecta
373 1200 465 1264 avido
487 1200 530 1264 sit
552 1200 625 1264 data
646 1200 798 1282 voltum,

52 1285 198 1352 Effoasos
220 1284 330 1348 oculos
351 1287 441 1348 voret
463 1287 531 1348 atro
553 1286 682 1369 gutture
704 1305 831 1368 corvos,
999 1293 1015 1342 5

94 1368 254 1433 Intestina
275 1389 384 1450 caneo,
408 1371 512 1432 cetera
532 1368 676 1431 membra
695 1367 772 1450 lupi.

464 1580 605 1654 OVHII.

54 1703 247 1787 Iocundum‚
268 1724 339 1767 mea
359 1703 441 1786 vita,
462 1701 542 1766 mihi
563 1703 717 1786 proponis
739 1723 880 1767 amorem

95 1787 193 1852 Hunc
213 1790 359 1851 nostrum
380 1787 524 1851 internos
545 1790 793 1871 perpetuumque
814 1787 892 1850 fore.

54 1872 97 1938 Di
118 1871 244 1956 magni,
267 1871 362 1934 facite
385 1874 422 1933 ut
441 1893 515 1935 vere
535 1871 722 1954 promittere
742 1870 858 1955 possit,

96 1957 204 2038 Atque
225 1954 258 2018 id
281 1955 402 2018 sincere
425 1954 510 2019 dicat
531 1958 564 2018 et
585 1977 623 2018 ex
645 1954 767 2038 animo,

53 2039 102 2105 Vt
122 2039 217 2102 liceat
237 2038 329 2101 nobis
350 2040 420 2102 tota
440 2038 614 2121 producere
634 2039 701 2102 vita
1002 2049 1018 2098 5

97 2123 269 2186 Alternum
290 2120 352 2184 hoc
374 2124 502 2185 emotae
523 2120 634 2185 foedus
657 2120 825 2185 amicitiae.

498 2333 570 2408 ΟΧ.

56 2457 219 2539 Aufilena,
242 2457 344 2521 bonae
366 2478 491 2540 semper
513 2456 681 2521 laudantur
703 2456 836 2522 amicae:

99 2540 273 2623 Accipiunt
293 2541 445 2625 pretium,
469 2562 548 2624 quae
569 2541 673 2606 facere
694 2541 874 2605 instituunt.

55 2625 107 2690 Tu
129 2623 213 2707 quod
234 2625 396 2707 promisti,
418 2624 497 2688 mihi
519 2625 604 2708 quod
623 2625 758 2688 mentita
782 2625 951 2707 inimica's,

101 2707 194 2783 Quod
214 2729 275 2771 nec
296 2707 352 2771 das
374 2712 407 2772 et
427 2708 491 2773 fers
514 2731 624 2792 saepe,
647 2709 726 2772 facis
747 2708 882 2773 facinus.

56 2794 126 2857 Aut
146 2792 250 2856 facere
272 2791 477 2876 ingenuaest‚
500 2796 554 2856 aut
574 2813 642 2855 non
662 2793 818 2876 promisse
832 2791 982 2875 pudicae,
1004 2803 1020 2853 c

101 2875 264 2958 Aufilena‚
286 2876 361 2940 fuit:
387 2876 443 2939 sed
465 2875 538 2939 data
560 2876 718 2960 corripere

58 2958 246 3026 Fraudando
268 2962 289 3040 †
311 2959 409 3022 efficit
429 2958 501 3041 plus
524 2980 618 3043 quam
639 2959 814 3024 meretricis
837 2980 965 3043 avarae,

102 3044 189 3119 Quae
212 3063 281 3107 sese
302 3044 371 3106 toto
395 3063 527 3126 corpore
549 3045 723 3128 prostituit.

464 3173 615 3184 -—..

497 3257 586 3330 CXI.

63 3377 313 3460 numerarim
336 3379 520 3442 contentam
541 3379 645 3444 vivere
668 3380 753 3463 solo,

103 3462 284 3546 Nuptarum
305 3462 373 3524 laus
396 3483 413 3526 e
434 3462 580 3528 laudibus
604 3461 743 3528 eximiis:
