2258 4148
10 163 123 234 axm]
354 152 359 161 '
443 161 559 221 amsa.
784 254 794 271 Ι
933 153 974 222 37

10 324 114 403 Quem
135 324 278 389 mulcent
298 345 406 409 aurae,
428 325 535 389 firmai
556 325 620 409 sol,
642 324 755 390 educat
775 324 877 391 imber

10 492 107 559 Mulli
128 493 219 558 illum
240 493 344 576 pueri,
367 493 486 558 multae
507 496 655 576 optavere
676 493 816 578 puellaez

10 574 101 643 {dem
124 598 196 641 cum
216 577 306 641 tenui
328 580 454 660 carptus
477 577 624 642 defloruit
643 579 760 662 ungui,

10 660 103 726 Nulli
124 661 215 726 illum
236 660 340 744 pueri,
363 661 469 725 nullae
491 665 639 745 optavere
660 662 798 745 puellae:
923 670 926 675 ’

10 743 67 810 Sic
79 745 188 830 virgO,
210 744 284 808 dum
298 745 419 809 intacta
432 749 555 830 manet,
578 745 654 809 dum
668 767 741 810 cara
755 748 820 811 suis
835 750 898 833 est3
940 758 973 808 45

10 826 94 894 Cum
116 831 238 894 casium
260 828 367 892 amisit
387 829 511 912 polluto
535 850 667 913 corpore
688 830 814 912 florem,

10 910 82 977 Nec
102 912 209 996 pueris
231 911 369 977 iocunda
388 917 511 996 manet,
533 935 593 977 nec
615 935 687 977 cara
707 916 832 998 puellis.

57 1020 184 1105 Hymen
197 1042 217 1086 o
231 1020 431 1106 Hymenaee,
446 1021 574 1106 Hymen
590 1023 665 1087 ades
680 1043 700 1086 o
714 1022 912 1108 Hymenaee!

14 1161 62 1228 Vl
78 1165 176 1229 vidua
196 1164 231 1229 in
251 1164 337 1229 nudo
360 1165 434 1228 vitis
457 1186 536 1248 quae
557 1166 699 1229 nascitur
720 1187 796 1230 arvo

15 1244 195 1333 Numquam
206 1270 240 1313 se
252 1248 385 1332 extollit,
396 1270 569 1333 numquam
583 1250 694 1313 mitem
705 1250 817 1315 educat
825 1272 928 1333 uvam,
940 1262 974 1311 oo

20 1329 77 1398 Sed
96 1336 242 1397 renerum
262 1353 364 1430 prono
387 1332 557 1397 deflectens
578 1333 718 1415 pondere
740 1354 854 1418 corpus

18 1412 83 1481 Iam
103 1418 168 1481 iam
190 1417 349 1500 contingit
371 1438 529 1480 summum
549 1416 654 1481 radice
675 1417 849 1502 flagellum,

20 1497 107 1566 Hanc
127 1501 210 1566 nulli
231 1500 399 1584 agricolae,
423 1501 504 1564 nulli
527 1500 651 1564 coluere
672 1500 816 1566 bubulci:

20 1585 63 1648 Al
80 1584 108 1650 si
128 1585 212 1649 forte
234 1584 376 1649 eademst
396 1585 482 1648 ulmo
506 1584 675 1649 coniuncta
695 1586 825 1668 marito,

21 1664 110 1734 llulli
130 1669 219 1733 illam
240 1669 412 1753 agricolae,
435 1669 528 1732 mulli
550 1669 674 1733 coluere
695 1670 839 1734 bubulci:
940 1682 973 1732 55

23 1749 69 1816 Sic
81 1753 173 1838 virgo
188 1752 264 1816 dum
277 1753 397 1816 intacta
410 1755 527 1835 manet,
543 1752 618 1817 dum
632 1753 753 1818 inculta
767 1752 917 1838 senescit,

24 1833 95 1902 eum
116 1859 175 1920 par
196 1836 368 1901 conubium
388 1840 511 1901 maturo
533 1839 676 1920 tempore
699 1836 859 1920 adeptast,

24 1915 96 1984 (lara
116 1922 184 1985 viro
207 1921 310 2004 magis
333 1924 365 1985 ei
385 1921 491 1984 minus
514 1923 563 1984 est
583 1921 686 1984 invisa
706 1920 841 2004 parenti.

58 2027 183 2112 Hymen
197 2049 215 2094 o
229 2029 419 2112 Hymenaee,
435 2030 562 2112 Hymen
577 2031 682 2095 adeso
697 2029 897 2114 Hymenaee!
919 2032 973 2093 aab

24 2171 62 2235 Ar
79 2175 116 2236 bu
136 2193 177 2236 ne
198 2194 309 2257 pugna
330 2194 402 2237 cum
423 2173 481 2237 tali
503 2173 637 2257 coniuge
659 2172 708 2236 vir
731 2194 759 2236 ο.

24 2250 90 2320 Non
111 2259 277 2339 aequomst
296 2277 440 2341 pugnare
445 2306 455 2340 ,
477 2260 568 2353 pater
589 2256 640 2320 cui
661 2259 712 2319 tra
736 2255 792 2320 'dil
813 2256 898 2341 ipse,
942 2269 975 2318 oo

24 2335 200 2436 lae-paler
222 2362 294 2406 cum
314 2345 432 2423 matre,
456 2340 568 2424 qu1bus
590 2361 700 2422 parere
721 2344 890 2405 necessest.

24 2427 191 2569 Tirginitas
212 2446 279 2489 non
300 2427 369 2521 boia
389 2428 492 2506 baasi,
515 2445 553 2487 ex
575 2427 665 2506 parte
687 2427 900 2522 parenlumst,

24 2511 123 2656 aa
141 2529 216 2656 u:
233 2506 748 2688 nullasnullas

23 2671 77 2750 Qui
97 2691 216 2761 genero
240 2697 388 2740 sua1ura
409 2676 504 2739 s1mul
526 2696 598 2738 cum
619 2674 693 2739 dole
715 2674 877 2740 dedenml,
941 2688 972 2737 cs

56 2783 185 2870 Hymen
199 2804 218 2848 o
233 2783 432 2869 Hymenaee,
447 2783 576 2868 Hymen
590 2783 664 2848 ades
679 2805 698 2848 o
714 2783 910 2870 Hymenaecl

430 3048 559 3123 LXIII.

16 3177 117 3264 Super
137 3179 203 3244 alta
223 3181 332 3245 vocius
354 3179 441 3244 Attis
463 3180 558 3245 celeri
578 3183 646 3245 raie
667 3181 767 3244 maria

14 3262 190 3348 Phrygium
212 3266 249 3328 ul
268 3285 380 3328 nemus
402 3265 499 3328 cibato
523 3264 634 3348 cupide
656 3264 736 3348 pede
756 3264 865 3349 tetigit

13 3347 89 3434 Adii
126 3368 167 3412 ue
189 3367 305 3431 opaca,
328 3347 416 3412 silvis
438 3348 584 3412 redimit-a
605 3348 677 3413 loca
697 3348 788 3431 deae,

13 3430 96 3496 stim
131 3433 203 3497 atus
224 3431 270 3496 ibi
291 3432 411 3497 furenti
432 3432 535 3514 rabie,
556 3452 657 3518 vagus
679 3431 809 3519 animis,
