2258 4148
111 175 156 241 24
520 175 674 233 clevum
905 125 1008 248 [iim

197 340 322 423 Verpus
344 339 527 424 praeposuic
547 337 680 421 Priapus
702 337 780 402 illel
867 390 872 397 .

124 437 144 487 s
196 424 263 488 Vos
286 424 432 489 convivia
452 424 539 487 laula
561 425 745 505 sumptuoso

128 532 145 543 ·
197 508 247 572 De
269 508 319 572 die
342 507 467 571 facilis?
490 506 554 571 mei
575 506 699 570 sodales

197 591 361 668 Quaerunt
381 592 416 655 in
437 591 531 654 trivio
554 588 759 655 vocationes?

519 721 671 730 --——·

473 801 707 877 XXXXVIIL

199 927 339 991 Mellitos
362 926 471 990 oculos
493 929 581 1007 tuos,
603 923 744 1007 luventi,

200 1011 305 1094 Siquis
327 1032 378 1075 me
400 1010 604 1104 sinodusque
626 1007 763 1089 basiare,

197 1095 307 1178 Vsque
329 1093 370 1157 ad
391 1093 479 1156 milia
499 1091 620 1155 basiem
641 1094 796 1174 trecenta,

198 1178 268 1244 Nec
290 1200 343 1242 um
365 1198 439 1240 uam
460 1175 567 1240 videar
588 1178 675 1238 solur
697 1175 838 1257 iuturus,

197 1261 273 1328 Non
295 1262 322 1325 si
344 1199 471 1324 densior
492 1259 588 1323 aridis
611 1258 715 1322 aristis

199 1345 249 1411 sit
268 1346 397 1409 nostrae
418 1364 509 1427 seges
532 1342 747 1407 osculationis·

519 1473 670 1482 -.--———

469 1554 719 1629 XXXXVHII.

199 1679 414 1745 Diserlissime
436 1678 565 1742 Romuli
586 1683 752 1761 nepotum,

199 1765 382 1844 Quolsunl
403 1763 541 1844 quelque
563 1762 665 1844 fuere,
688 1762 793 1825 Marce
816 1759 920 1845 Tulli,

200 1848 346 1931 Quolque
367 1848 442 1929 posi
463 1846 533 1910 eliis
555 1849 649 1909 erunt
669 1846 704 1909 in
725 1845 834 1928 annis,

200 1931 328 1996 Gratias
350 1930 410 1993 tibi
431 1929 583 1993 maximas
606 1928 750 1995 Catullus

127 2029 145 2078 5
197 2015 278 2100 Agit
298 2014 455 2097 pessimus
478 2014 618 2076 omnium
639 2017 771 2096 poeta,

198 2098 302 2162 Tanto
324 2097 480 2181 pessimus
503 2097 645 2161 omnium
666 2100 763 2181 poeta

199 2182 325 2257 Quanto
347 2184 383 2246 tu
406 2182 544 2264 optimus
567 2181 708 2246 omnium
729 2183 894 2271 patronus.
934 2219 936 2223 ·

574 2396 615 2471 L.

199 2517 358 2582 Hesterno
364 2565 373 2599 ‚
395 2516 514 2601 Licini,
536 2519 585 2583 die
608 2519 702 2583 otiosi

199 2600 334 2665 Mullum
358 2601 491 2665 lusimus
512 2603 547 2666 in
566 2604 646 2667 meis
667 2602 810 2688 tabellis,

199 2684 244 2751 Vc
266 2688 457 2749 convenerat
478 2707 547 2750 csse
568 2687 730 2751 delicatos.

200 2768 349 2832 Scribens
367 2770 542 2834 versiculos
563 2775 694 2854 uterque
716 2773 861 2835 nostrum

127 2863 146 2916 ὅ
199 2852 344 2917 Ludebat
362 2874 495 2918 numero
517 2855 611 2920 modo
632 2855 695 2919 hoc
716 2855 811 2919 modo
832 2856 924 2937 illoc,

199 2935 347 3001 Reddens
368 2940 478 3001 mutua
499 2960 555 3020 per
576 2939 680 3003 iocum
702 2942 796 3025 elque
818 2939 937 3004 vinum.

199 3022 306 3103 Atque
327 3019 417 3084 illinc
439 3020 503 3084 abii
524 3024 579 3085 tuo
602 3023 708 3106 lepore

198 3103 365 3188 Incensus,
388 3104 507 3187 Licini,
529 3105 729 3190 facetiisque,

199 3185 246 3252 Vc
266 3209 326 3252 nec
347 3210 398 3252 me
419 3189 571 3252 miserum
593 3189 680 3253 cibus
702 3190 838 3263 iuvaret.

113 3285 148 3334 10
196 3271 267 3337 Nee
289 3292 418 3336 somnus
440 3275 564 3357 legeret
585 3273 689 3356 quiete
711 3273 844 3354 ocellos,

199 3354 262 3420 Sed
282 3357 351 3420 tolo
373 3356 548 3420 indomitus
569 3357 675 3421 furore
696 3358 778 3422 lecto

197 3437 350 3505 Versarer
371 3441 502 3524 cupiens
523 3440 629 3505 videre
654 3442 772 3525 lucem,
