2258 4148
147 213 191 280 56
555 215 708 274 curvum
992 216 1119 292 [arvia

256 379 337 445 Oum
359 379 471 463 quibus
494 379 550 456 illa
572 380 690 443 malum
711 379 788 444 fecit
809 377 1021 444 adulterium?

212 461 339 527 Dixerit
360 464 412 527 hic
427 463 556 546 aliquis:
580 463 634 546 qui
654 467 690 526 tu
711 463 847 545 isthaec,
869 464 979 546 ianua,
1002 463 1119 527 nosti⁹

257 547 317 612 Cui
337 569 508 630 numquam
532 547 653 610 domini
674 547 783 611 limine
805 547 915 612 abesse
936 547 1027 630 licet,

213 632 282 698 Nec
303 632 456 714 populum
478 631 670 714 auscultare,
692 631 748 694 sed
768 628 839 694 heic
862 631 976 694 suffixa
997 631 1023 694 ti
1050 630 1108 694 ‘lle

163 729 198 777 40
255 714 393 778 Tantum
414 714 537 797 operire
559 715 642 778 soles
664 717 719 777 aut
740 715 861 797 aperire
884 714 1014 779 domum

94 832 114 865 a
215 798 332 880 ‘Saepe
354 799 442 862 illam
464 798 569 861 audivi
591 798 707 862 furtiva
728 818 805 862 voce
826 798 1011 880 loquentem

257 882 365 947 Solam
386 903 458 945 cum
479 881 604 944 ancillis
625 880 703 945 haec
726 904 782 945 sua
802 882 937 966 flagitia,

214 965 353 1031 Nomine
375 964 531 1029 dicentem
547 985 625 1048 quos
640 964 789 1047 diximus,
812 968 943 1048 utpote
966 972 1047 1050 quae
1069 966 1118 1029 mi

258 1048 405 1131 Spararet
425 1070 485 1113 nec
506 1049 650 1132 linguam
672 1070 740 1114 esse
761 1070 821 1113 nec
842 1049 1024 1113 auriculam.

165 1145 199 1194 45
213 1132 381 1197 Praeterea
402 1131 538 1196 addebat
559 1132 730 1216 quendam,
753 1155 846 1217 quem
868 1133 972 1197 dicere
993 1133 1071 1196 nolo

257 1215 411 1298 Nomine,
432 1237 474 1279 ne
495 1216 589 1278 tollat
609 1217 704 1280 rubra
726 1216 902 1300 supercilia.

215 1298 346 1384 Longus
367 1299 509 1382 homost,
531 1321 664 1384 magnas
686 1301 762 1384 quoi
783 1301 854 1364 lites
876 1299 986 1363 intulit
1008 1299 1088 1364 olim

115 1404 119 1409 ’
257 1383 388 1448 Falsum
409 1384 554 1448 mendaci
575 1389 685 1449 ventre
706 1385 929 1469 puerperium?

556 1515 709 1524 -——-—-

548 1598 708 1673 LXVIH.

217 1719 309 1798 Quod
330 1719 410 1784 mihi
430 1719 560 1784 fortuna
581 1741 716 1804 casuque
739 1742 906 1805 oppressus
929 1721 1043 1785 acerbo

262 1803 486 1887 Conscriptum
507 1804 568 1868 hoc
590 1805 730 1868 lacrimis
751 1807 852 1869 mittis
874 1804 1057 1889 epistolium
1063 1853 1072 1886 ,

217 1889 419 1972 Naufragum
430 1891 467 1950 ut
480 1889 615 1952 eiectum
630 1890 849 1971 spumantibus
864 1889 1009 1972 aequoris
1021 1887 1119 1952 undis

261 1971 429 2036 Sublevem
450 1974 482 2035 et
504 1995 522 2035 a
542 1973 655 2036 mortis
677 1974 787 2037 limine
808 1974 987 2054 restituam,

186 2071 202 2118 a
219 2055 320 2131 Quem
330 2076 433 2138 neque
449 2058 558 2120 sancta
568 2054 677 2120 Venus
695 2057 785 2120 molli
795 2057 990 2139 requiescere
1001 2075 1119 2120 somno

259 2138 429 2204 Desertum
450 2140 588 2204 inlecto
612 2141 730 2205 caelibe
751 2141 938 2224 perpetitur,

217 2223 251 2289 N
253 2244 288 2288 ec
308 2226 451 2288 veterum
472 2223 557 2287 dulci
579 2225 771 2307 scriptorum
792 2225 931 2288 carmine
952 2223 1065 2288 Musae

262 2306 447 2389 Oblectaut,
470 2329 542 2371 cum
563 2328 654 2371 mens
676 2309 770 2371 anxia
790 2308 974 2455 pervisfiilat,

218 2391 257 2455 ld
311 2393 430 2454 atumst
443 2390 522 2454 mihi
561 2412 612 2454 me
632 2392 782 2474 quoniam
797 2392 857 2455 tibi
896 2392 950 2456 'cis
965 2391 1119 2474 amicum,

172 2488 204 2539 10
260 2413 454 2556 llbneraque
477 2476 508 2538 et
528 2440 691 2541 ldusarum
712 2475 787 2540 hinc
808 2476 892 2559 petis
914 2478 947 2539 et
964 2471 1119 2539 Veneris:

220 2558 282 2624 Sed
303 2558 364 2622 tibi
385 2579 426 2622 ne
448 2580 519 2622 mea
540 2559 605 2622 sint
624 2559 738 2644 ignota
758 2559 975 2642 incommoda,
997 2558 1104 2640 Mani,

261 2642 335 2707 Neu
355 2662 406 2705 me
428 2642 532 2706 odisse
553 2646 645 2725 putes
666 2642 802 2726 hospitis
826 2643 980 2725 officium,

220 2726 340 2808 Accipe
345 2774 355 2809 ,
378 2726 448 2808 quis
469 2747 587 2790 merser
607 2726 754 2790 fortunae
774 2727 921 2791 fluctibus
944 2728 1027 2810 ipse,

262 2809 313 2875 Ne
335 2809 469 2893 amplius
492 2831 510 2873 a
530 2809 646 2873 misero
667 2810 752 2874 dona
772 2811 866 2874 beata
890 2813 989 2893 petas.

172 2909 205 2957 15
220 2894 376 2977 Tempore
398 2913 460 2977 quc
482 2893 619 2976 primum
641 2895 738 2958 vestis
760 2895 840 2959 mihi
860 2894 977 2958 tradita
997 2896 1119 2978 purast,

106 2972 119 2983 ’
262 2977 440 3042 locundum
462 2998 533 3041 cum
556 2981 641 3041 aetas
662 2977 775 3042 florida
795 2999 851 3042 ver
872 2980 997 3063 ageret,

220 3061 324 3126 Multa
344 3061 422 3125 satis
443 3061 521 3125 lusi:
542 3067 609 3124 non
631 3063 680 3124 cst
701 3061 760 3125 dea
780 3062 890 3127 nescia
910 3061 1027 3145 nostri,

264 3144 351 3220 Quae
373 3145 498 3209 dulcem
519 3145 602 3208 curis
623 3144 736 3209 miscet
757 3146 952 3210 amaritiem:
1020 3224 1022 3229 Ι

222 3228 286 3295 Sed
305 3232 410 3292 totum
430 3228 492 3293 hoe
514 3227 652 3293 studium
673 3229 761 3293 luctu
777 3230 917 3294 fraterna
930 3228 1011 3294 mihi
1031 3251 1119 3295 mors

170 3327 206 3378 ao
261 3312 414 3377 Abstulit.
446 3333 464 3376 o
486 3312 601 3376 misero
622 3312 720 3376 frater
741 3313 887 3396 adempte
907 3313 1001 3397 mihi,

222 3397 271 3462 'lu
292 3400 420 3460 meatu
440 3395 579 3461 moriens
601 3396 726 3480 fregisti
747 3397 925 3480 commoda,
947 3397 1062 3482 frater,

265 3480 384 3545 Tecum
404 3501 469 3545 uua
489 3482 589 3544 totast
608 3483 720 3544 nostra
740 3481 864 3566 sepulta
885 3480 1012 3564 domus,
1056 3564 1059 3569 Ι
