2258 4148
183 235 226 303 68
585 240 738 298 curvum
940 336 943 340 Ι
1009 249 1021 318 [
1056 252 1090 293 ι’
1109 253 1129 293 ιι

198 417 232 465 60
286 403 348 468 Per
368 402 508 468 medium
529 404 647 467 sensim
667 405 784 467 transit
805 404 866 468 iter
886 405 1013 491 populi,

246 486 347 551 Dulce
368 487 482 551 matari
504 489 588 552 lasso
610 487 645 551 in
666 487 780 551 sudore
801 489 960 571 levamen,

288 569 370 636 (lum
391 572 497 654 gravis
519 573 646 635 exustos
668 575 774 635 aestus
795 571 916 635 hiulcat
936 593 1050 656 agros:

246 655 322 734 Hic,
346 655 434 719 velut
454 655 489 718 in
509 655 603 739 nigro
625 655 749 718 iactatis
771 655 898 720 turbine
919 657 1027 720 nautis

287 737 404 802 Lenius
426 760 461 801 as
484 739 569 802 irans
592 760 668 802 aura
689 738 827 802 secunda
848 739 936 802 venit

196 821 310 887 etlam
331 843 424 968 prece
473 822 600 904 ollucis,
623 823 686 886 iam
709 820 850 887 (laeteris
872 823 1048 908 inplorata,

288 905 366 970 Tae
386 906 449 969 fuit
469 906 562 969 nobis
584 905 711 970 Manius
733 907 893 971 auxilium.

245 989 277 1054 Is
300 991 422 1055 clusum
444 990 508 1053 lato
530 990 680 1073 patefecit
700 991 802 1054 limite
825 1011 895 1054 cam
917 1013 987 1074 um,

151 1112 159 1125 ·
287 1072 382 1156 Isque
404 1073 533 1137 domum
553 1073 646 1137 nobis
668 1074 757 1156 isque
780 1073 867 1137 dedit
888 1012 1070 1159 dominam,

244 1156 297 1220 Ad
319 1178 413 1239 quam
435 1176 617 1220 communes
639 1177 854 1221 exerceremus
875 1179 1008 1222 amores.

196 1254 229 1303 ιο
286 1239 355 1315 Quo
376 1260 448 1303 mea
469 1261 503 1303 se
524 1240 614 1304 molli
636 1240 769 1304 candida
790 1241 862 1304 dira
882 1240 962 1325 pede

243 1323 358 1388 Intulit
379 1326 411 1388 et
431 1324 506 1387 trito
528 1324 705 1407 fulgentem
726 1325 761 1388 in
781 1325 892 1388 limine
913 1325 1058 1408 plantam

155 1475 158 1481 ,
285 1407 401 1472 Innixa
422 1410 535 1491 arguta
556 1408 723 1472 constituit
743 1409 845 1491 solea,

245 1490 399 1576 Coniugis
422 1495 459 1555 ut
479 1490 639 1575 quondam
660 1492 799 1576 flagrans
822 1493 950 1556 advenit
969 1514 1080 1561 amore

284 1574 511 1640 Protesilaeam
532 1574 704 1639 Laudamia
724 1576 853 1640 domum

194 1671 228 1720 ἰδ
242 1658 407 1741 Inceptam
427 1659 560 1741 frustra,
582 1658 726 1723 nondum
748 1681 820 1723 cum
841 1660 995 1744 sanguine
1018 1682 1112 1726 sacro

285 1741 401 1805 Hostia
423 1743 566 1806 caelestis
588 1743 785 1826 pacificasset
806 1765 887 1807 eros.

243 1825 301 1891 Nil
321 1824 401 1889 mihi
421 1828 488 1888 tam
508 1826 600 1890 valde
621 1827 761 1909 placeat,
783 1826 980 1902 Rhamnusia
1000 1827 1110 1914 virge,

287 1907 379 1984 Quod
399 1911 518 1973 temere
538 1910 648 1974 invitis
670 1910 860 1994 suscipiatur
880 1911 952 1976 eiis.

243 1992 345 2068 Quam
366 1992 472 2056 ieiuna
491 1992 580 2076 pium
601 1993 757 2058 desideret
778 2016 832 2057 ara
854 2015 1012 2080 cruorem,

193 2089 228 2138 80
283 2075 418 2141 Doetast
438 2076 554 2140 amisso
576 2075 750 2141 Laudamia
770 2079 853 2160 viro,

244 2159 395 2244 Coniugis
418 2163 491 2224 ante
513 2164 624 2224 coacta
643 2163 720 2225 novi
742 2161 899 2226 dimittere
921 2163 1053 2245 collum,

285 2243 386 2319 Quam
407 2244 538 2308 veniens
559 2265 623 2307 una
644 2248 737 2328 atque
759 2246 857 2309 altera
877 2267 986 2310 rursus
1013 2246 1122 2332 biemp

241 2327 399 2392 Noctibus
420 2327 455 2390 in
476 2328 582 2411 longis
604 2328 731 2392 avidum
752 2333 924 2393 satirasset
944 2350 1102 2410 amorem,

285 2410 399 2474 Posset
419 2414 456 2474 ut
477 2411 610 2494 abrupto
633 2412 737 2477 vivere
760 2413 925 2498 coniugio,

192 2506 226 2555 85
242 2493 333 2570 Quod
355 2493 474 2561 seirent
494 2494 612 2558 Parcae
633 2517 700 2559 non
721 2496 819 2580 longo
841 2500 984 2582 ternpore
1012 2497 1123 2563 adesse

284 2576 431 2642 Similes
453 2599 560 2643 muros
581 2580 659 2643 isset
680 2579 719 2643 ad
739 2579 870 2646 Iliacos:

240 2660 326 2725 Nam
346 2663 415 2725 tum
436 2661 578 2726 Helenae
598 2666 693 2746 raptu
713 2664 868 2746 primores
888 2663 1084 2750 Argivorum

115 2750 117 2754 ’
285 2742 442 2827 Coeperat
463 2745 504 2809 ad
525 2767 593 2810 sese
615 2747 712 2811 Troia
733 2748 814 2812 ciere
835 2748 934 2830 viros,

240 2827 336 2892 Troia
363 2827 479 2914 (nefas)
509 2849 676 2896 commune
705 2832 885 2914 sepulcrum
910 2831 1009 2897 Asiae
1035 2832 1116 2898 Eur·

191 3008 225 3057 90
280 2994 376 3060 Troia
396 2996 500 3092 virum
522 2999 555 3060 et
574 2997 727 3062 virtutum
742 2936 1019 3064 oddiiilrtetcerba
1039 3000 1120 3097 cinis

240 3077 368 3154 Quaene
390 3082 486 3143 etiam
506 3083 618 3144 nostro
640 3082 738 3146 letum
760 3083 940 3148 miserabile
960 3083 1052 3148 fratn

123 3232 130 3243 ⁴
280 3163 408 3227 Attulit.
438 3163 468 3228 ei
488 3163 605 3227 misero
627 3164 725 3229 frater
746 3167 893 3251 adempte
913 3167 1007 3249 mihi,

237 3244 279 3309 Ei
300 3247 416 3310 misero
438 3247 531 3311 fratri
551 3246 722 3312 iocundum
743 3250 851 3314 lumen
872 3249 1069 3335 ademptum,

280 3329 398 3394 Tecum
418 3352 483 3394 una
503 3333 602 3395 totast
623 3335 733 3397 nostra
754 3335 878 3416 sepulta
899 3334 1025 3417 domus,

189 3426 223 3476 95
239 3411 354 3478 Omnia
374 3416 479 3477 tecum
500 3436 564 3478 una
584 3416 752 3498 perierunt
808 3417 881 3481 udia
900 3420 1028 3503 nostra,

282 3496 368 3572 Quae
389 3499 462 3561 tuos
483 3499 519 3562 in
539 3498 606 3562 vita
627 3498 727 3565 dulcis
781 3500 856 3564 ebat
875 3522 974 3566 amor.
