2258 4148
142 176 183 244 68
544 175 698 233 crurum
922 173 1046 244 [LXXXl

505 339 736 415 LXXXXVI.

206 461 240 527 Si
261 459 430 544 quiequam
450 457 547 521 mutis
568 459 696 541 gratum
725 457 929 539 aceepdumve
950 453 1046 538 sepul

246 544 400 609 Accidere
422 564 442 607 a
461 543 588 624 nostro,
611 538 723 622 Calue,
747 539 855 603 dolore
876 541 999 624 potest,

206 629 275 705 Quo
298 627 454 692 desiderio
475 628 598 690 veteres
619 629 808 689 renovamus
830 645 954 688 amores

246 714 354 795 Atque
376 711 454 775 olim
474 710 588 773 missas
609 710 721 773 flemus
743 708 920 790 amicitias,

174 796 299 863 sOerte
321 816 389 860 non
409 795 500 858 naulo
522 813 609 856 mors
630 793 789 857 inmatura
811 791 945 856 dolorist

247 880 434 962 Quintiliae,
457 881 610 962 quantum
632 877 750 961 gaudet
771 897 878 941 amore
899 878 965 941 luo.

497 1090 742 1167 LXXXXVII.

203 1208 281 1274 Non
304 1207 362 1294 (ita
382 1227 434 1271 mo
456 1205 488 1270 di
510 1205 631 1291 ament)
656 1207 823 1290 quiequam
844 1204 961 1268 referre
982 1205 1046 1288 pun

246 1291 403 1356 Vtrumne
425 1310 461 1354 os
484 1312 525 1354 an
547 1290 653 1354 culum
675 1290 844 1354 olfacerem
865 1288 1015 1353 Aemilio.

205 1375 281 1440 Nilo
304 1374 452 1439 mundius
474 1373 551 1457 hoe,
572 1375 703 1457 niloque
724 1372 918 1438 immundior
939 1372 1008 1455 ille,

246 1458 366 1524 Verum
388 1459 484 1523 eliam
506 1458 594 1524 culus
616 1458 764 1522 mundior
786 1461 818 1521 el
838 1457 966 1520 melior:

172 1543 288 1607 sNem
310 1544 378 1607 sine
400 1543 546 1607 dentibus
569 1546 632 1607 est:
660 1542 770 1606 denses
793 1563 828 1606 os
851 1539 1046 1624 sesquipeda]

247 1626 402 1711 Gingives
423 1648 498 1691 vero
520 1627 650 1710 ploxeni
670 1625 767 1691 habet
787 1626 918 1707 venetie,

203 1711 372 1775 Praeterea
392 1711 508 1774 rictum
530 1711 655 1793 qualem
677 1710 816 1774 diffissus
838 1710 872 1773 in
894 1710 984 1772 aestu

246 1794 395 1859 Meienlis
416 1795 520 1858 mulae
542 1815 664 1858 cunnus
686 1794 802 1858 hebere
824 1793 914 1858 solen.

204 1877 267 1942 Hie
289 1878 388 1942 futuit
407 1879 523 1942 multas
546 1881 578 1942 el
599 1899 633 1941 se
654 1879 733 1942 facit
755 1899 823 1942 esse
843 1879 1029 1961 venustum,

157 1975 189 2024 ιο
244 1961 377 2025 utnon
397 1963 534 2045 pislrino
556 1961 691 2026 traditur
712 1965 805 2046 etque
827 1960 937 2025 esino?

205 2045 307 2121 Quem
329 2047 419 2129 sique
440 2045 497 2110 alt'
545 2045 585 2129 it,
607 2066 674 2110 non
695 2047 784 2109 illum
805 2067 898 2143 posse
919 2047 1046 2128 putemu

245 2131 382 2215 Aegroli
403 2130 509 2195 culum
546 2131 552 2142 '
577 2152 652 2214 gere
675 2129 852 2195 carnificis?

484 2345 748 2419 LXXXXVHI.

202 2455 311 2543 Inte,
335 2458 363 2522 si
384 2458 419 2522 in
440 2480 645 2543 quemquam,
668 2458 731 2523 diei
752 2462 843 2543 pote,
864 2458 974 2542 putide
995 2456 1046 2523 Vir

244 2540 283 2606 Id
305 2542 390 2626 quod
410 2543 553 2607 verbosis
576 2542 692 2609 dieitur
712 2547 745 2608 el
766 2543 872 2607 fatuis.

202 2621 270 2688 Iste
292 2646 364 2690 eum
385 2627 512 2711 lingua,
536 2628 564 2691 si
585 2650 660 2692 usus
680 2628 789 2692 veniat
809 2627 884 2710 libi,
907 2624 1011 2709 possis

247 2708 344 2773 Oulos
367 2713 399 2773 el
419 2710 562 2794 crepides
584 2712 707 2795 lingere
729 2710 916 2795 carparinas.

172 2790 238 2856 ssi
258 2813 319 2855 nos
340 2794 472 2858 omnino
493 2794 541 2858 vis
564 2816 674 2859 omnes
695 2795 841 2878 perdere,
862 2793 965 2879 Victi,

244 2874 376 2942 Ilisoss:
398 2879 528 2942 omnino
552 2879 637 2963 quod
659 2878 749 2960 oupis
771 2879 899 2943 efficies.

477 3083 759 3159 LXXXXVHH.

203 3193 347 3279 Surripui
368 3196 443 3280 tibi,
467 3195 541 3260 dum
562 3197 660 3281 ludis,
682 3197 804 3262 mellite
825 3195 965 3282 Iuventi,

245 3279 428 3344 Sueviolum
450 3279 534 3344 dulei
556 3279 677 3345 dulcius
699 3281 866 3346 ambrosio

202 3362 322 3428 Verum
337 3363 371 3427 id
384 3385 451 3428 non
465 3365 585 3448 inpune
598 3365 674 3430 tuli:
688 3386 825 3449 namque
839 3363 972 3449 amplius
986 3367 1047 3430 hor

246 3445 402 3512 Suffixum
422 3448 458 3512 in
479 3470 603 3513 summe
623 3471 674 3514 me
693 3450 825 3515 memini
846 3471 915 3515 esse
936 3471 1043 3532 ornos,
