2258 4148
173 185 218 250 44
581 187 733 246 CATVLLI

281 350 407 416 ‘Sicine
428 371 479 414 me
501 348 613 433 patriis
636 351 794 431 avectam,
815 347 949 432 perfide,
972 348 1014 412 ab
1037 349 1125 434 oris,

237 435 375 518 Perfide,
398 434 522 498 deserto
544 433 668 516 liquisti
688 433 723 496 in
743 433 851 515 litore,
874 429 1022 497 Theseu?

239 519 345 584 Sicine
366 517 530 582 discedens
551 517 698 601 neglecto
720 516 851 580 numine
872 515 980 580 divom

177 602 398 667 1351111111111
419 624 452 684 a,
474 601 588 665 devota
609 600 739 664 domum
782 599 898 663 eriuria
918 600 1056 684 portas?
1084 613 1088 621 '

237 686 378 751 Nullane
398 707 449 749 res
471 685 576 767 potuit
598 684 732 749 crudelis
753 622 880 748 1111111
901 685 1020 749 mentis

239 769 439 835 Consilium?
461 769 522 832 tibi
542 769 631 832 nulla
651 767 714 832 fuit
735 766 903 831 clementia
922 772 1071 854 praesto,

237 853 355 918 Inmite
376 856 413 917 ut
433 852 535 916 nostri
556 852 653 916 vellet
673 851 875 915 miserescere
897 853 1032 934 peetus?

238 938 285 1001 At
304 958 372 1001 non
391 937 471 1001 haec
492 935 652 1020 quondam
672 935 765 999 nobis
787 935 945 1019 promissa
965 935 1099 1020 dedisti,

177 1033 226 1084 140
235 1021 343 1086 Vane:
364 1020 443 1084 mihi
463 1040 531 1084 non
553 1019 632 1084 haec
652 1019 786 1083 miserae
808 1040 934 1102 sperare
955 1020 1105 1106 iubebas,

239 1105 301 1171 Sed
323 1105 461 1170 conubia
482 1104 580 1187 laeta,
603 1102 659 1167 sed
680 1105 808 1186 optatos
828 1103 1040 1186 hymenaeos:

239 1188 328 1264 Quae
350 1191 463 1252 cuncta
485 1188 562 1252 aerii
583 1186 767 1270 discerpunt
787 1187 877 1251 irritu
897 1189 994 1252 venti.

238 1272 307 1336 lam
328 1272 392 1336 iam
413 1272 502 1336 nulla
522 1272 590 1335 viro
612 1270 732 1334 iuranti
752 1271 871 1334 femina
893 1271 1016 1355 credat,
1092 1301 1096 1309 ¹

238 1356 337 1422 Nulla
357 1356 418 1420 viri
439 1358 544 1439 speret
565 1375 728 1419 sermones
750 1375 818 1419 esse
839 1354 962 1438 fideles3

176 1451 225 1502 145
237 1440 316 1515 Quis
331 1440 406 1504 dum
421 1439 541 1523 aliquid
555 1439 685 1521 cupiens
700 1438 824 1502 animus
838 1439 1015 1523 praegestit
1029 1440 1099 1524 apis
1115 1475 1129 1497 ι

238 1524 295 1588 Nil
316 1526 463 1588 metuunt
482 1524 600 1605 iurare,
622 1521 704 1585 nihil
725 1522 911 1605 promittere
955 1527 1084 1589 arcuntt

240 1607 302 1672 Sed
325 1608 457 1672 simulac
479 1606 610 1690 cupidae
632 1606 749 1670 mentis
771 1605 887 1670 satiata
908 1544 1056 1692 11111111,

237 1691 333 1754 Dicta
353 1690 436 1754 nihil
456 1690 644 1772 meminere,
665 1689 747 1753 nihil
768 1689 907 1773 periuria
928 1695 1051 1756 curant

240 1774 335 1839 Certe
357 1795 417 1860 ego
440 1777 472 1838 11
493 1774 528 1837 in
548 1773 653 1838 medio
675 1776 855 1840 versantem
876 1775 1005 1840 turbine
1026 1775 1084 1840 leti

177 1871 225 1920 151
236 1857 365 1942 Eripui,
388 1860 421 1922 et
440 1857 547 1941 potius
569 1878 757 1942 germanum
778 1858 924 1923 amittere
946 1858 1047 1943 crevi,

239 1942 341 2017 Quam
362 1942 422 2005 tibi
442 1942 549 2006 fallaci
571 1962 718 2025 supremo
740 1941 776 2005 in
796 1944 940 2025 tempore
961 1941 1119 2010 dessen:

237 2025 301 2090 Pr0
324 2045 386 2107 quo
409 2024 609 2089 dilaceranda
629 2025 705 2089 feris
728 2024 827 2089 dabor
849 2025 1040 2110 alitibusque

237 2108 374 2191 Praeda,
396 2130 499 2192 neque
520 2108 638 2172 iniecta
658 2109 841 2173 tumulabor
861 2113 988 2175 mortua
1008 2114 1103 2177 terra.

238 2192 401 2268 Quaenam
421 2195 455 2257 11
476 2193 588 2278 genuit
608 2192 677 2256 sola
698 2192 757 2256 sub
777 2214 856 2277 rupe
877 2192 1012 2259 leaena?

176 2289 224 2339 155
236 2276 328 2352 Quod
349 2298 437 2341 mare
458 2279 647 2359 conceptum
662 2278 883 2360 spumantibus
898 2277 1129 2362 1111111111-

238 2360 328 2437 1111
350 2360 467 2444 Syrtis,
490 2381 571 2444 quae
586 2359 693 2443 Scylla
713 2382 930 2510 rapaxssdquqe
950 2364 1043 2427 rasta
1057 2360 1114 2429 01}

873 2468 888 2509 s

237 2528 330 2593 Talia
350 2528 404 2612 qui
424 2528 530 2592 reddis
551 2550 609 2612 pro
633 2528 718 2592 dulci
738 2467 881 2612 1111111111
901 2529 976 2595 vita.

238 2612 273 2677 si
294 2612 354 2676 tibi
375 2633 442 2676 non
464 2613 552 2676 cordi
572 2613 699 2676 fuerant
720 2613 857 2677 conubia
877 2616 1005 2696 nostra,

238 2695 338 2761 Saeva
360 2696 445 2779 quod
466 2696 618 2760 horrebas
639 2696 738 2779 prisci
755 2700 928 2793 praecepta
948 2696 1108 2781 parentio,

176 2781 281 2844 110111
301 2783 409 2844 tamen
430 2780 465 2843 in
485 2783 609 2845 vostras
631 2780 900 2863 potuistrducere
921 2780 1027 2864 sedes,

238 2863 325 2939 Quae
345 2863 405 2928 tibi
426 2863 562 2928 iocunde
584 2864 755 2928 famularer
776 2885 866 2928 serva
886 2864 1011 2947 labore,

238 2946 382 3012 Candida
402 2948 602 3030 permulcens
624 2947 754 3031 liquidis
774 2947 912 3032 vestigia
933 2947 1075 3032 lymphis

236 3030 437 3115 Purpureave
458 3036 549 3096 tuum
570 3033 777 3096 consternens
798 3034 886 3096 veste
907 3032 1022 3097 cubile.

237 3115 301 3180 Sed
321 3114 397 3199 quid
419 3136 479 3199 ego
500 3115 621 3200 ignaris
639 3116 831 3199 nequiquam
852 3136 1030 3199 conqueror
1050 3145 1077 3172 2.
1094 3150 1128 3175 ι-

175 3198 411 3264 165Ε111111111
431 3199 532 3280 male,
555 3219 635 3282 quae
655 3199 752 3263 nullis
774 3199 920 3264 sensibus
942 3203 1055 3265 auctae

236 3283 307 3348 Nec
327 3282 442 3346 missas
464 3282 572 3346 audire
594 3285 715 3372 queunt
734 3303 795 3347 nec
815 3282 946 3348 reddere
967 3282 1087 3350 voees?

237 3365 298 3431 Ille
320 3368 427 3431 autem
447 3387 546 3450 prope
567 3365 632 3430 iam
653 3366 766 3431 mediis
787 3370 930 3431 versatur
950 3367 987 3432 in
1006 3367 1128 3453 undis,-

236 3450 306 3518 Neo
328 3450 496 3540 quisquam
517 3449 647 3538 adparet
668 3471 768 3516 vacua
788 3450 933 3516 mortalis
953 3451 991 3516 in
1011 3451 1097 3540 algo.
