2258 4148
178 225 221 290 54
585 227 737 319 0111111
1083 238 1088 278 ;
1108 238 1117 259 =

243 391 322 456 Fixa
343 413 460 456 corona
478 391 576 475 foret,
598 391 654 456 sed
675 412 735 457 nos
758 412 882 475 quoque
903 390 1103 476 fulgeremus

285 475 427 540 Devotae
448 477 523 539 flavi
544 476 671 541 verticis
693 477 838 559 exuviae,

242 559 414 624 Vvidulam
435 582 454 623 a
474 560 551 624 fletu
573 560 737 625 cedentem
760 560 800 624 ad
820 560 941 642 templa
963 558 1062 625 deum
1083 582 1129 625 m:

286 643 379 708 Sidus
400 645 435 707 in
456 644 594 727 antiquis
617 643 689 707 diva
708 664 826 707 novom
847 644 969 726 posuit:

198 742 231 792 05
245 728 389 812 Virginis
411 729 444 791 et
465 729 550 791 saevi
573 728 762 812 contingens
783 749 921 810 namque
942 727 1063 794 Leonis
1098 734 1101 739 ’

285 810 436 894 Lumina,
458 810 591 876 Callisto
618 813 727 874 iuncta
747 811 940 894 Lycaoniae,

244 896 362 961 Vertar
382 896 418 959 in
439 916 601 979 occasum,
623 894 750 959 tardum
772 895 836 958 dux
857 898 930 959 ante
953 894 1099 981 Booten,

288 979 349 1055 Qui
370 979 424 1043 vix
446 1000 516 1043 sero
539 981 603 1044 alto
625 980 781 1063 mergitur
802 979 940 1044 Oceano

245 1063 308 1128 Sed
341 1084 531 1147 quamquam
556 1085 607 1128 mc
635 1069 729 1126 nocte
757 1067 907 1147 premunt
935 1063 1075 1148 vestigia
1110 1094 1116 1120 ·

787 1167 877 1230 vom,

197 1245 231 1295 ro
285 1231 356 1296 Lux
377 1235 483 1295 autern
505 1253 602 1296 canae
623 1231 739 1315 Tethyi
760 1231 913 1313 restituit,

248 1315 343 1400 (Pace
364 1319 420 1379 tua
440 1317 502 1380 fari
522 1316 575 1380 hic
596 1316 705 1398 liceat,
728 1315 925 1379 Rhamnusia
944 1315 1053 1400 virgo,

287 1399 432 1483 Namque
455 1421 515 1485 ego
537 1421 604 1463 non
624 1400 690 1463 ullo
712 1421 787 1464 vera
807 1400 921 1463 timore
942 1402 1070 1485 tegam,

245 1482 314 1549 Nec
336 1484 364 1547 si
386 1505 437 1548 me
458 1484 584 1548 infestis
606 1483 788 1566 discerpent
809 1482 912 1546 sidera
933 1482 1044 1568 dictis,

289 1566 427 1632 Condita
449 1569 526 1651 quin
546 1568 631 1632 verei
652 1567 790 1651 pectoris
813 1567 987 1651 evoluam):

198 1664 231 1713 '15
245 1651 321 1717 Non
335 1651 386 1714 his
400 1655 467 1714 tam
482 1652 583 1715 laetor
596 1652 705 1734 rebus,
727 1672 822 1735 quam
836 1672 887 1715 me
902 1651 989 1714 afore
1005 1673 1116 1736 sempe

289 1735 388 1798 Afore
409 1756 461 1799 mc
483 1757 502 1798 a
523 1734 670 1798 dominae
691 1735 808 1798 vertice
831 1734 1005 1799 discrucior

247 1818 382 1895 Quicum
404 1840 479 1903 ego,
509 1819 584 1882 dum
605 1819 697 1903 virgo
720 1818 803 1883 curis
830 1819 892 1883 fuit
918 1784 1069 1884 omnibus
1096 1841 1129 1885 e>

812 1924 862 1966 ers

288 1985 454 2071 vnguenu
476 1986 578 2051 surra
599 1988 688 2050 mara
709 1925 810 2050 mnd'
829 1951 906 2052 nti.

247 2070 342 2136 Nunc
363 2091 435 2153 vos,
459 2074 568 2154 optato
590 2091 686 2155 quom
707 2071 812 2135 iunxit
833 2070 952 2135 lumine
973 2071 1085 2157 taeda,

198 2167 232 2218 80
289 2154 363 2218 Non
384 2155 471 2239 prius
494 2156 653 2219 unanimis
675 2175 809 2238 corpora
830 2155 1020 2239 coniugibus

247 2238 376 2302 Tradite
397 2238 553 2302 nudantas
573 2240 691 2302 reiecta
712 2241 800 2302 veste
821 2239 972 2322 papillas,

290 2321 391 2396 Quam
413 2322 549 2387 iocunda
569 2322 649 2385 mihi
670 2344 801 2385 munera
823 2323 901 2386 libet
922 2344 1022 2406 onyx,

247 2404 365 2471 Vester
386 2427 486 2488 onyx,
509 2408 596 2470 casto
619 2407 727 2489 petitis
749 2427 829 2489 quae
850 2407 920 2470 iura
941 2407 1049 2472 cubili.

291 2488 353 2553 Sed
374 2509 453 2572 quae
475 2511 509 2554 se
530 2490 644 2573 inpuro
666 2490 754 2554 dedit
775 2490 945 2573 adulterio,

199 2586 232 2636 85
246 2572 337 2637 Illius
359 2595 378 2636 a
399 2574 482 2637 mala
504 2573 588 2637 dona
608 2574 686 2637 levis
708 2573 797 2637 bibat
817 2574 909 2637 irrita
929 2575 1051 2658 pulvis:

290 2656 436 2739 Namque
459 2678 519 2740 ego
541 2657 580 2721 ab
602 2657 742 2741 indignis
763 2658 905 2740 praemia
924 2658 1014 2721 nulla
1035 2661 1123 2742 pcto.

248 2740 310 2805 Sed
331 2740 450 2824 magis,
474 2762 493 2803 0
515 2743 647 2823 nuptae,
671 2763 795 2823 semper
817 2741 987 2806 concordia
1007 2763 1085 2807 vos
1105 2772 1128 2798 τ*

219 2900 227 2909 ,
292 2824 422 2907 Semper
443 2846 533 2888 amor
554 2824 643 2888 sedes
665 2825 784 2888 incolat
805 2824 963 2890 adsiduos.

248 2907 297 2971 Tu
318 2929 408 2990 vere,
430 2909 555 2992 regina,
577 2912 670 2971 tuens
693 2929 764 2972 cum
787 2909 892 2973 sidera
913 2908 1019 2975 divam

199 3005 233 3054 oo
290 2991 434 3055 Plaeabis
456 2992 546 3056 festis
568 2992 739 3055 luminibus
760 2991 932 3074 Venerem,

248 3075 408 3158 Vnguinis
430 3078 591 3159 expertem
612 3097 678 3138 non
700 3076 772 3139 siris
795 3097 863 3140 esse
883 3079 972 3140 tuam
992 3098 1061 3162 me,

292 3158 354 3223 Sed
374 3159 481 3241 potius
502 3159 600 3243 largis
623 3159 720 3223 adfice
741 3160 934 3226 muneribus.

248 3241 358 3308 Sidera
380 3245 563 3307 corruerent
583 3242 719 3308 utinam!
744 3264 834 3308 coma
854 3244 944 3327 regia
964 3244 1056 3310 fiam:

290 3325 456 3391 Proximus
478 3326 662 3410 Hydrochoi
684 3327 822 3411 fulgeret
843 3327 977 3394 Oarion!
