2258 4148
514 187 667 245 cirum
688 167 692 172 ’
955 127 998 261 [ic

513 353 660 427 xxvfl.

195 487 344 552 Minister
363 484 461 550 vetuli
482 506 561 568 puer
582 483 710 548 Falerni

193 571 292 657 Inger
312 570 356 634 mi
379 570 493 633 calices
515 568 700 650 amariores,

194 655 240 719 Vt
261 656 312 719 lex
332 653 515 718 Postumiae
536 652 625 717 iubet
644 651 833 736 magistrae,

194 738 333 803 Ebriosa
354 738 445 802 acina
467 736 656 800 ebriosioris.

63 892 66 896 A
194 824 240 887 At
260 844 317 886 vos
339 843 401 905 quo
424 821 513 884 lubet
532 819 608 884 hinc
630 819 728 902 abile,
750 817 901 903 lymphae

194 905 272 972 Vini
293 905 466 989 pernicies,
490 907 522 968 et
543 903 583 968 ad
605 924 731 968 severos

195 990 348 1076 Migrate:
370 989 422 1053 hic
443 1009 549 1052 merus
572 992 621 1051 est
642 986 858 1071 Thyonianus.

505 1208 671 1282 XXVIII.

194 1343 321 1408 Pisonis
343 1341 490 1423 comites,
514 1339 627 1404 cohors
649 1339 755 1403 inanis

193 1429 290 1511 Aptis
312 1425 478 1491 sarcinulis
500 1427 532 1489 et
554 1423 722 1506 expeditis,

194 1509 315 1576 Verani
336 1511 456 1594 optime
478 1511 574 1591 tuque
596 1508 641 1570 mi
661 1506 808 1590 Fabulle,

196 1595 279 1670 Quid
300 1615 406 1658 rerum
426 1591 560 1678 geritis?
583 1591 703 1656 satisne
725 1612 798 1655 cum
818 1590 882 1655 isto

193 1678 308 1761 Vappa
329 1678 512 1762 frigoraque
534 1678 567 1740 et
587 1676 705 1739 famem
726 1674 867 1740 tulistis?

194 1760 394 1846 Ecquidnam
415 1761 450 1824 in
471 1759 588 1824 tabulis
609 1761 699 1843 patet
720 1758 826 1823 lucelli

194 1845 395 1929 Expensum,
417 1847 454 1909 ut
474 1842 569 1926 mihi,
592 1844 646 1927 qui
666 1865 773 1907 meum
794 1843 923 1907 secutus
941 1921 944 1926 .

195 1929 378 1995 Praetorem
399 1929 501 1993 refero
523 1927 632 1991 datum
653 1927 767 1991 lucello

197 2013 241 2078 ‘0
264 2012 411 2096 Memmi,
434 2013 514 2076 bene
536 2033 587 2076 me
609 2032 645 2076 ac
667 2011 721 2074 diu
743 2010 894 2093 supinum

194 2097 277 2163 'Iota
297 2097 360 2161 ista
380 2097 470 2161 trabe
491 2097 595 2160 lentus
616 2095 806 2160 inrumasti.'

196 2181 272 2266 Sed,
295 2185 450 2266 quantum
472 2180 580 2263 video,
601 2179 671 2263 pari
692 2179 798 2243 fuistis

197 2264 294 2332 Casu:
316 2288 392 2331 nam
413 2265 516 2329 nihilo
537 2264 661 2327 minore
682 2284 779 2346 verpa
897 2325 900 2328 ⁴

194 2349 283 2415 Farti
305 2351 391 2414 estis.
443 2352 494 2413 ete
514 2348 639 2411 nobiles
662 2347 790 2411 amicos.

194 2435 241 2497 At
261 2433 352 2499 vobis
372 2455 406 2497 m
438 2432 580 2495 amulta
601 2431 633 2495 di
655 2431 793 2513 deaeque

193 2516 295 2600 Dent,
317 2516 489 2602 opprobria
510 2515 657 2580 Romulei
676 2513 841 2598 Remique.

496 2737 678 2812 XXVIIH.

196 2870 274 2946 Quis
294 2869 356 2935 hoc
366 2871 485 3017 dpotest
505 2868 626 2951 videre,
649 2868 719 2951 quis
741 2868 847 2950 potest
868 2867 955 2952 pati,

193 2953 267 3020 Nisi
288 2955 365 3037 inpu
400 2974 454 3017 cus
476 2956 509 3017 et
528 2974 625 3017 vorax
647 2954 680 3016 et
700 2951 784 3033 aleo,

194 3037 388 3102 Mamurram
409 3037 526 3101 habere
551 3036 635 3120 quod
658 3034 792 3100 Comata
813 3032 921 3098 Gallia

194 3121 342 3187 Habebat
362 3124 438 3186 ante
460 3124 492 3185 et
511 3121 625 3186 ultima
645 3117 834 3183 Britannia?

125 3219 143 3270 ⁶
198 3205 335 3271 Cinaede
355 3204 505 3288 Romule,
528 3205 606 3268 haec
626 3203 749 3268 videbis
771 3201 932 3291 etseras?

125 3291 163 3354 ob
195 3289 243 3354 Es
263 3291 431 3373 Inpudicus
452 3294 481 3354 et
500 3308 601 3354 vorax
621 3292 650 3352 et
670 3289 745 3353 oleo.

195 3373 240 3438 Et
260 3373 314 3439 ille
336 3394 422 3438 nunc
444 3372 597 3455 superbus
620 3373 652 3436 et
673 3370 868 3455 superfluens

195 3457 432 3523 Perambulabit
452 3457 595 3521 omnium
616 3455 733 3520 cubilia
