2258 4148
23 227 142 303 μή]

41 405 126 453 *onia
145 391 254 453 tecum
275 409 339 452 una
359 388 521 472 perierunt
542 386 660 472 gaudia
679 391 804 472 nostra,

10 496 19 556 ζ·
56 472 140 548 Quae
160 475 235 538 tuos
256 473 292 536 in
312 472 379 536 vita
400 471 499 536 dulcis
523 471 629 535 alebat
650 493 747 536 amor.

52 556 106 621 uus
128 577 192 641 ego
213 556 346 620 interitu
366 558 435 619 tota
455 555 493 619 de
515 558 622 619 mente
643 556 752 640 fugavi
939 566 972 616 25

55 638 141 706 Haec
163 639 271 705 studia
291 642 385 722 atque
407 640 510 702 omnis
533 638 662 703 delicias
683 639 791 704 animi.

40 738 71 778 *ιι
96 746 131 808 e,
154 722 242 807 quod
262 723 375 787 scribis
396 721 543 786 Veronae
564 726 657 807 turpe
679 721 806 788 Catullo

56 806 150 892 lissa,
173 806 259 891 quod
279 806 332 871 hic
354 805 456 890 quivis
479 806 518 870 de
539 808 671 870 meliore
691 811 770 870 nota

41 891 81 969 '2
99 891 142 956 da
162 891 288 955 deserto
309 890 481 974 tepefactet
501 891 645 954 membra
666 891 778 973 cubili,

10 999 19 1060 ᾗ
57 972 105 1059 l,
126 974 232 1056 Mani,
252 995 321 1038 non
341 977 390 1038 est
410 976 517 1057 turpe,
540 975 644 1121 mapis
664 974 855 1039 miserumst
939 985 974 1035 ao

46 1079 166 1132 oscos
187 1058 300 1142 igitur,
323 1057 366 1139 si,
388 1077 468 1140 quae
490 1057 571 1121 mihi
604 1060 696 1122 uetus
718 1057 850 1141 ademit,

57 1140 143 1206 Haec
164 1141 226 1205 tibi
245 1162 313 1205 non
333 1140 439 1205 tribuo
461 1163 609 1224 munera,
633 1163 705 1206 curn
725 1162 858 1225 nequeo.

40 1224 205 1373 offla
219 1225 918 1374 ⁸t¹lll⁰aflllal⁰lilltll⁸llilltllldml

42 1398 68 1447 ll:
93 1391 175 1456 mihi
191 1329 302 1475 belles,
325 1393 392 1456 illic
412 1413 484 1456 mea
506 1394 646 1476 carpitur
667 1396 767 1457 aetas:
837 1358 847 1394 ’
941 1403 974 1454 ³5

59 1474 128 1541 Huc
149 1498 215 1540 una
236 1497 274 1540 ex
295 1477 403 1540 multis
426 1476 556 1559 capsula
576 1498 627 1540 me
649 1477 799 1561 sequitur.

42 1560 106 1624 ¹·od
129 1581 202 1625 cum
223 1560 269 1624 ita
290 1559 346 1643 sit,
373 1561 475 1624 nolim
497 1563 698 1708 statuasfinos
719 1563 826 1625 mente
848 1581 912 1624 ma·

691 1666 711 1709 a

61 1726 95 1793 ld
114 1729 221 1794 facere
243 1732 298 1792 aut
319 1729 425 1793 animo
447 1749 514 1793 non
536 1730 614 1794 satis
636 1668 792 1814 iligenm,

42 1812 108 1877 'ud
129 1813 190 1879 tibi
210 1833 279 1877 non
299 1813 464 1896 utriusque
485 1814 608 1896 petenti
630 1815 721 1897 copia
741 1814 870 1878 factast:

61 1894 152 1962 Vltro
173 1917 234 1981 ego
257 1896 427 1980 deferrem,
450 1897 541 1980 copia
563 1898 653 1981 siqua
673 1898 766 1962 foret.
943 1908 978 1958 4ο

45 1985 92 2045 on
110 2001 243 2065 possum
263 1980 410 2063 reticere,
433 1979 524 2063 deae,
546 2003 610 2065 qua
633 2004 682 2046 me
697 1981 802 2046 Allius
824 1982 914 2045 inre

62 2062 180 2130 Iuverit
200 2067 256 2128 aut
275 2064 401 2147 quantis
424 2064 539 2129 iuverit
560 2066 689 2129 officiis:

44 2153 86 2212 'ec
105 2148 234 2233 fugiens
256 2149 368 2212 saeclis
391 2148 651 2212 obliviscentibus
673 2151 760 2214 aetas

61 2230 150 2297 Illius
170 2231 233 2297 hoc
255 2253 347 2297 caeca
367 2236 462 2296 nocte
483 2235 573 2317 tegat
594 2231 748 2298 studium:

40 2325 73 2371 :n
101 2314 206 2380 dicam
228 2316 333 2398 vobis,
355 2337 412 2380 vos
434 2337 529 2399 porro
552 2317 647 2381 dicite
668 2317 777 2381 multis

61 2397 190 2464 llilibus
212 2402 245 2464 et
265 2400 360 2464 facite
382 2399 461 2464 haec
483 2400 593 2465 charta
614 2401 761 2484 loquatur
783 2422 862 2465 anus

61 2564 276 2650 Notescatque
297 2568 399 2653 magis
422 2573 565 2633 mortuos
586 2572 680 2652 atque
701 2569 820 2654 magis,

43 2656 87 2716 ec
105 2654 236 2716 tenuem
256 2654 368 2716 texens
389 2653 533 2716 sublimis
555 2674 669 2716 aranea
688 2654 787 2717 telam

61 2733 99 2799 In
120 2735 246 2800 deserto
267 2735 335 2799 Alli
356 2737 486 2801 nomine
509 2757 528 2800 o
552 2759 589 2800 us
610 2737 715 2802 faciat.
946 2747 980 2797 oo

41 2758 790 2988 ’aristenlelllulalectal

163 2950 173 2986 7
762 2953 771 2987 5

41 2993 90 3043 tm.
119 2987 247 3050 tantum
268 2925 410 3052 arietem
433 2992 585 3071 quantum
607 2987 770 3053 Trinacria
790 3008 885 3070 rupes

61 3069 270 3154 Lymphaque
291 3071 326 3134 in
348 3071 475 3136 Oetaeis
497 3071 596 3135 Malia
616 3070 855 3154 Thermopylis,

46 3184 102 3210 w:
129 3184 134 3209 ι
162 3175 265 3237 neque
287 3153 419 3220 adsiduo
440 3155 602 3220 tabescere
624 3155 745 3219 lumina
765 3155 842 3217 fletu
948 3163 982 3214 55

63 3236 234 3305 Oessaront
253 3238 399 3321 tristique
420 3238 522 3304 imbre
542 3238 669 3303 madere
690 3259 800 3323 genae.

42 3331 80 3377 ’,ς
117 3352 124 3378 ;
150 3322 186 3385 in
207 3322 284 3386 aerii
304 3323 472 3407 perlucens
493 3324 611 3387 vertice
631 3322 750 3386 montis

61 3404 161 3471 Rivos
182 3426 329 3471 muscoso
350 3406 516 3490 prosilite
538 3405 658 3490 lapide,

42 3489 81 3542 ’ν
103 3510 177 3556 cum
199 3488 239 3554 de
258 3511 361 3574 prona
381 3511 532 3575 praeceps
556 3492 605 3555 est
624 3489 705 3554 valle
726 3488 869 3574 volutus,
