2258 4148
14 192 124 275 cxvi]
436 195 553 253 anua

430 359 553 435 OXVL

10 489 115 575 *saepe
136 490 195 554 tibi
217 490 359 555 studioso
382 491 487 554 animo
509 492 645 554 venante
664 510 699 554 re
721 490 828 555 uirens

57 574 205 640 Carmina
225 575 272 638 uti
296 595 423 658 possein
444 573 570 637 mittere
591 573 639 637 Ba
670 573 677 587 ‘
760 621 770 656 ‚

10 658 76 734 :Qui
98 662 130 721 te
152 657 286 721 lenirem
306 658 415 741 nobis,
437 678 500 721 neu
521 677 669 721 conarere

56 740 143 804 Telis
165 741 288 805 infestis
310 742 392 805 icere
413 742 459 805 mi
480 762 580 824 usque
602 742 711 824 caput,

15 823 110 888 Hunc
132 823 224 888 video
246 824 326 888 inihi
346 846 433 890 nuno
453 823 572 891 frustra
592 826 753 972 sulmptum
780 843 849 888 esse
870 822 914 887 la·
954 832 977 885 6

107 946 110 951 -
642 927 729 972 orem

58 989 157 1073 Gelli,
178 1012 238 1055 nec
258 995 384 1056 nostras
404 990 458 1056 hic
480 991 616 1056 valuisse
637 954 756 1075 precei.

16 1073 136 1141 Contra
156 1096 216 1139 nos
238 1077 302 1139 tela
322 1075 384 1139 ista
404 1078 460 1139 tua
480 1075 633 1140 evitamus
654 1073 786 1140 amictui

56 1159 103 1222 iit
124 1158 204 1223 fixus
224 1159 343 1223 nostris
364 1161 400 1223 tu
421 1158 502 1224 dabi'
524 1156 724 1242 supplicium.

398 1430 596 1442 ‘—

328 1677 663 1756 FRAGMENTA.

66 1855 91 1907 i.
123 1845 242 1909 atrion
265 1844 397 1930 effugies
418 1867 506 1910 meos
528 1845 660 1909 iambos.

66 1942 169 2011 Porph.
186 1944 222 1998 ad
240 1943 306 1997 Hor.
324 1959 349 1998 c.
365 1944 390 2012 Ι,
410 1951 449 2012 16,
468 1951 512 1999 241
529 1943 644 1999 iambici
661 1943 757 1997 autem
773 1958 870 1998 verini
887 1942 977 2011 aptia-

16 2009 80 2064 aimi
96 2009 236 2064 habentur
253 2011 290 2064 ad
306 2011 539 2066 maledicendum.
575 2024 590 2065 i
606 2024 621 2065 i
638 2030 652 2062 i
668 2009 789 2128 deniffiue
808 2011 837 2064 et
849 2009 977 2064 Catullus

17 2094 80 2130 cum
96 2076 247 2153 maledicta
263 2076 418 2153 minaretur
438 2077 477 2130 aio
499 2077 540 2130 ait
561 2093 585 2130 e.
603 2091 630 2153 q.
648 2093 669 2130 i.
686 2105 720 2115 -
776 2075 974 2144 Porphyrionii

16 2144 181 2198 commentis
202 2143 285 2196 fluxit
304 2142 351 2196 hic
374 2160 400 2196 v.
421 2143 450 2195 in
473 2143 664 2211 anthologiam
687 2141 826 2196 Garamam
849 2144 909 2213 [pg.
927 2148 978 2197 iio

16 2210 60 2266 ed.
78 2209 192 2280 Klein}

66 2323 91 2373 2.
123 2310 208 2375 huno
230 2312 335 2374 lucum
356 2311 416 2374 tibi
437 2309 547 2375 dedico
570 2330 783 2394 consecroque
803 2309 932 2393 Priape,

121 2415 183 2477 qua
204 2395 317 2458 domus
337 2396 394 2458 tua
407 2393 605 2478 Lampsaoist
619 2414 741 2477 quaque
755 2395 835 2460 siloa
849 2393 977 2477 Priape.

121 2499 195 2541 nain
217 2481 250 2542 te
270 2478 438 2562 praecipue
459 2479 495 2542 in
515 2478 580 2542 suis
601 2478 733 2542 urbibus
756 2479 833 2542 colit
854 2498 909 2540 ora

121 2560 342 2646 Hellespontia
364 2563 476 2627 ceteris
499 2560 665 2627 ostriosior
688 2561 762 2626 oris.

67 2659 128 2714 Ter.
145 2659 235 2715 Maur.
252 2679 278 2715 v.
297 2668 363 2717 2766
381 2679 441 2730 sqq.
459 2660 541 2716 affert
562 2660 633 2715 haec
655 2659 692 2715 ad
709 2660 869 2729 exemplum
892 2659 977 2714 metri

16 2727 140 2795 Priapei:
158 2728 283 2782 eiusdem
300 2728 509 2783 demonstrandi
526 2743 610 2782 cauea
627 2728 760 2795 promunt
775 2726 898 2796 primurn
914 2743 976 2780 ver-

16 2812 78 2870 sum
95 2794 197 2848 Atilius
214 2794 429 2870 Fortunatianns
451 2811 498 2872 pg.
516 2800 591 2850 2676.
609 2801 684 2850 2676.
702 2800 780 2859 26971
802 2793 977 2872 Prendocen·

16 2877 126 2915 sormue
144 2864 223 2925 27273
241 2861 346 2914 Marius
357 2861 518 2915 Victorinus
535 2867 611 2916 2567.
628 2867 702 2916 2598.
720 2867 795 2927 2600,
814 2877 863 2927 qui
881 2860 910 2914 et
926 2859 979 2912 illa

17 2938 99 2982 ‘nam
116 2940 144 2982 ae
161 2927 313 3047 praecieue
330 2928 360 3004 in
377 2928 447 2980 euis’
466 2929 496 2983 et
513 2927 854 3004 ‘Hellespontialceterii’
872 2941 976 3002 meino-

16 2997 63 3047 rat
79 3011 125 3071 pg.
143 3000 217 3048 2599.
281 3033 287 3046 .
307 2999 322 3046 2
344 2995 374 3046 id
397 2994 474 3061 quod
491 2997 535 3050 est
552 2995 655 3049 ‘silva’
673 3011 817 3049 verissimo
835 3011 866 3047 eu
907 2993 980 3047 levit

18 3061 150 3128 Scaliger.
174 3060 250 3114 Nota
266 3059 296 3113 in
312 3060 413 3114 finibus
430 3077 608 3116 numerorum
624 3060 798 3116 recurrentia
814 3060 866 3114 illa
898 3061 979 3128 riape

16 3128 118 3195 Priape
136 3127 165 3181 et
182 3143 232 3180 ora
251 3128 314 3181 oria.
344 3140 350 3153 ·
402 3145 408 3160 ·

68 3241 84 3289 3
86 3270 288 3292 ......
306 3229 345 3293 de
366 3249 454 3292 mero
476 3229 623 3313 ligurrire
645 3228 787 3293 libidost.

68 3327 139 3381 Non.
158 3327 326 3404 pg313421i
365 3327 434 3381 rn‘ro
453 3327 602 3405 degustare
623 3327 842 3406 audancia-tullus
859 3325 979 3394 Priapeo

17 3408 114 3515 abadon
131 3396 298 3515 v:Priapeo'
339 3395 522 3462 achmannnr,
542 3397 672 3466 ‘Prropo’
692 3395 769 3462 libri;
789 3401 896 3448 ‘mero'
915 3408 979 3462 ego,
