2258 4148
109 188 149 256 to·
514 191 666 250 olivum

521 359 652 433 XXXI.

170 481 450 565 Paeninsularum‚
474 481 605 565 Sirmio,
626 481 867 565 insularumque

172 566 295 650 Ocella,
317 587 528 651 quascumque
549 565 585 628 in
606 565 798 649 liquentibus
821 564 945 650 stagnis

171 649 315 733 Marique
336 653 427 714 vasto
450 650 512 714 fert
532 651 664 733 uterque
685 649 868 732 Neptunus,

171 733 274 810 Quam
294 737 327 799 te
348 734 484 799 libenter
505 754 661 816 quamque
682 733 784 797 laetus
805 733 928 814 inviso,

123 831 140 880 5
173 817 237 881 Vix
258 817 303 881 mi
325 818 393 901 ipse
416 817 546 882 credens
568 816 726 900 Thyniam
747 820 840 899 atque
862 816 1025 901 Bithynos

172 901 316 985 Liquisse
338 922 466 985 campos
489 904 522 965 et
542 900 648 965 videre
669 903 702 964 ts
723 900 759 964 in
780 903 860 965 tuto.

174 985 201 1050 Ο
224 986 300 1069 quid
322 986 433 1050 solutis
456 985 505 1050 est
525 984 649 1048 beatius
673 984 772 1067 curis,

173 1069 254 1134 Cum
275 1091 365 1134 mens
388 1090 469 1134 onus
489 1069 631 1153 reponit,
654 1089 691 1132 ac
712 1068 881 1153 peregrino

172 1152 296 1218 Labore
317 1153 394 1217 fessi
415 1151 559 1217 venimus
581 1152 681 1216 larem
702 1151 743 1216 ad
763 1156 910 1216 nostrum

112 1249 144 1299 ιο
172 1236 419 1320 Desideratoque
441 1236 669 1319 acquiescimus
691 1236 784 1300 lecto.

173 1319 245 1385 Hoc
267 1324 329 1403 est,
353 1320 437 1404 quod
457 1322 587 1384 unumst
607 1341 666 1403 pro
688 1320 849 1385 laboribus
871 1319 987 1388 tantis.

174 1403 281 1488 Salve,
304 1426 322 1467 o
344 1407 479 1469 venusta
501 1403 632 1486 Sirmio,
655 1406 748 1487 atque
771 1425 824 1468 ero
846 1404 968 1488 gaude:

175 1487 316 1552 Gaudete
337 1510 471 1572 vosque,
495 1509 514 1552 o
535 1487 656 1559 Libuae
677 1488 765 1552 lacus
786 1488 905 1552 undae:

172 1570 303 1656 Ridete,
329 1572 481 1657 quidquid
503 1576 552 1636 est
573 1572 660 1636 domi
682 1572 919 1638 cachinnorum.

514 1710 666 1722 ..-

514 1811 662 1887 ΧΧΧΠ.

262 1934 403 2015 Amabo,
425 1954 496 1997 mea
517 1933 618 1999 dulcis
639 1934 814 2020 Ipsithilla,

262 2016 353 2082 Meae
376 2017 523 2101 deliciae,
544 2019 609 2082 mai
630 2019 767 2103 lepores,
848 2047 857 2055 v

262 2099 341 2166 Iube
363 2101 403 2165 ad
424 2103 457 2165 te
478 2102 604 2168 veniam
625 2102 835 2167 meridiatum.

262 2184 307 2249 Et
328 2186 356 2250 si
376 2186 504 2249 iusseris
526 2187 619 2269 illud,
642 2186 805 2268 adiuvato,

262 2268 384 2353 Nequis
406 2269 525 2333 liminis
548 2272 675 2335 obseret
694 2270 859 2352 tabellam,

262 2352 335 2418 Neu
355 2353 416 2417 tibi
437 2353 545 2417 lubeat
564 2355 651 2420 foras
673 2354 775 2437 abire,

264 2435 326 2501 Sed
348 2436 434 2500 domi
455 2459 583 2503 maneas
605 2459 758 2523 paresque
778 2437 872 2502 nobis

263 2519 388 2584 Novem
409 2521 575 2586 continuas
597 2523 781 2587 intutiones.

214 2676 216 2681 ,
263 2601 397 2686 Verum,
421 2605 524 2688 siquid
546 2628 634 2691 ages,
658 2607 767 2670 statim
788 2604 911 2670 iubeto:

261 2685 345 2751 Nam
366 2710 501 2772 pransus
522 2691 610 2755 iaceo
633 2694 666 2755 et
687 2692 774 2754 satur
795 2689 927 2772 supinus

263 2771 423 2836 Perttmdo
446 2774 646 2858 tunicamque
668 2774 873 2858 palliumque.

506 3003 672 3077 XXXIII.

265 3125 292 3189 Ο
314 3126 419 3190 furum
441 3126 559 3209 optime
580 3127 816 3192 balneariorum

263 3207 403 3274 Vibenni
424 3214 528 3293 pater,
552 3212 584 3275 et
606 3211 734 3276 cinaede
756 3211 819 3293 fili,

265 3293 364 3441 &Nam
387 3294 496 3358 dextra
517 3297 609 3377 pater
630 3295 858 3379 inquinatiore,

292 3378 344 3441 ulo
366 3377 451 3442 filius
473 3382 522 3441 est
542 3379 718 3464 voraciore)

125 3471 143 3523 t
261 3459 325 3526 Cur
347 3483 414 3525 non
436 3462 564 3526 exilium
586 3463 746 3549 malasque
768 3463 802 3526 in
825 3481 896 3526 oras
