2258 4148
435 176 552 234 LIBER.

220 339 342 404 Scimus
363 337 442 402 haee
462 338 523 401 fibi
545 358 625 421 quae
646 336 744 402 licent

262 422 336 487 Sola
358 420 501 506 cognita:
524 421 579 486 sed
601 422 715 485 marite

261 506 328 570 Ista
349 526 416 570 non
437 505 547 569 eadem
568 505 675 570 licent.

220 590 247 654 0
269 590 398 673 Hymen
418 589 601 672 Hymenaee
623 589 671 673 io,

264 673 290 737 Ο
312 673 440 757 Hymen
461 672 653 756 Hymenaee.

219 797 344 944 Nabata,
366 799 403 862 tu
424 819 563 882 quoque,
586 819 666 882 quae
687 801 760 863 tuos

293 883 321 944 ir
342 883 442 965 peter,
466 903 541 946 eave
563 903 604 946 ne
625 903 740 967 neges,

261 964 306 1029 Ni
326 965 462 1048 petitum
484 965 611 1030 aliunde
634 970 694 1031 eat.

219 1048 248 1113 Ο
270 1048 398 1131 Hymen
418 1049 602 1133 Hymenaee
622 1050 671 1132 io,

265 1132 291 1196 Ο
314 1132 441 1216 Hymen
462 1133 655 1216 Hymenaee·

219 1257 273 1322 En
294 1257 354 1321 tibi
376 1258 487 1324 domus
509 1261 546 1323 ut
566 1262 681 1343 potens

262 1341 306 1405 Ha
326 1340 419 1405 beata
439 1343 501 1407 viri
521 1344 584 1426 ini,

264 1425 351 1500 Quae
372 1426 432 1489 tibi
454 1427 523 1491 sine
544 1427 608 1491 fine
630 1427 691 1491 erik

222 1507 264 1593 (Ο
286 1509 415 1591 Hymen
435 1509 618 1592 Hymenaee
640 1511 687 1594 io,

264 1591 290 1656 Ο
313 1593 441 1676 Hymen
462 1594 678 1680 Hymenaee),

222 1716 330 1802 Vsque
353 1719 428 1783 dum
449 1721 620 1785 tremulum
641 1740 774 1784 movens

264 1801 352 1868 Cana
372 1806 497 1888 tempus
520 1804 646 1868 anilitas

265 1885 380 1950 Omnia
401 1889 548 1952 omnibus
570 1889 690 1954 adnuit.

220 1968 249 2034 Ο
271 1969 400 2052 Hymen
420 1970 603 2054 Hymenaee
625 1973 674 2057 io,

265 2053 291 2117 Ο
314 2053 443 2138 Hymen
463 2055 656 2138 Hymenaee.

221 2178 374 2244 Transfer
396 2181 501 2245 omine
523 2203 596 2247 aum
616 2183 703 2246 bono

264 2263 378 2328 Limen
399 2266 544 2331 aureolos
565 2267 661 2352 pedes
667 2315 677 2350 ,

264 2347 404 2412 Rasilem
426 2372 466 2414 ue
488 2351 559 2415 subi
579 2351 690 2415 forem.

223 2430 251 2494 0
274 2430 402 2514 Hymen
454 2455 606 2518 ymenaee
626 2434 675 2516 io,

266 2515 292 2579 Ο
315 2515 443 2598 Hymen
464 2516 656 2602 Hymenaee.

222 2641 356 2726 Aspice,
378 2643 464 2707 intus
485 2647 521 2706 ut
542 2642 698 2708 accubans
788 2677 792 2684 ·

265 2725 324 2788 Vir
344 2729 416 2790 tuos
439 2726 534 2810 Tyrio
555 2728 591 2793 in
611 2729 683 2792 toro

266 2807 365 2873 Totus
387 2812 541 2876 inmineaa
562 2811 631 2876 tib‘r

222 2890 251 2955 0
274 2894 401 2976 Hymen
421 2895 604 2979 Hymenaee
625 2896 672 2978 io,

266 2978 293 3042 Ο
315 2977 445 3061 Hymen
465 2979 657 3064 Hymenaee.

224 3102 277 3168 Illi
299 3126 366 3168 non
387 3105 492 3169 minus
515 3127 552 3170 aa
571 3105 632 3170 tibi

267 3189 400 3253 Pectore
421 3189 524 3253 uritur
544 3190 658 3253 intimo

265 3272 424 3355 Flamma,
448 3273 503 3336 sed
524 3273 631 3356 penite
652 3272 765 3358 magis.

225 3356 251 3420 Ο
274 3356 402 3440 Hymen
423 3355 605 3440 Hymenaee
626 3358 675 3441 i0‚

266 3439 292 3504 Ο
316 3441 444 3524 Hymen
464 3441 655 3524 Hymenaee.

165 3553 193 3585 ἹΙ

817 3547 832 3598 8
