2258 4148
220 198 244 264 4
628 203 781 260 curvum

304 365 411 430 Velles
434 365 552 448 dicere,
574 385 634 429 nec
654 367 758 429 tacere
779 387 898 450 posses.

303 450 423 514 Verum
444 449 551 514 nescio
574 448 629 512 uid
650 449 833 525 febriculosi

233 546 249 595 5
296 532 407 597 ¹Seorti
429 533 550 617 diligis:
597 553 634 596 oc
655 533 754 616 pudet
774 533 877 596 fateri.

302 616 387 682 Nam
407 619 440 680 te
460 638 528 680 non
547 616 658 680 viduas
680 616 781 680 iacere
802 620 912 681 noctes

302 700 504 785 Nequiquam
524 700 658 764 tacitum
680 700 782 764 cubile
805 701 921 765 clamat

302 784 402 849 Sertis
424 806 461 849 ac
483 784 574 866 Syrio
596 784 743 867 fragrans
765 784 863 865 olivo,

302 868 515 951 Pulvinusque
536 889 691 951 peraeque
714 870 747 930 et
767 865 819 932 hic
840 871 873 931 et
893 868 948 933 ille

300 952 456 1048 Attritus,
477 951 667 1033 tremulique
690 972 804 1033 quassa
825 951 900 1015 lecti

301 1036 472 1119 Argutatro
495 1034 773 1117 inambulatioque.

301 1119 387 1183 Nam
408 1119 456 1182 nil
477 1119 586 1201 stupra
607 1119 705 1200 valet,
726 1117 822 1201 nihil,
843 1121 955 1182 tacere.

303 1202 388 1267 Cur?
411 1223 476 1265 non
496 1205 563 1265 tam
584 1202 684 1264 latera
705 1201 846 1265 ecfututa
865 1202 1002 1286 pandas,

301 1285 364 1351 Nei
385 1287 421 1348 tu
442 1284 517 1368 quid
538 1285 637 1349 facias
658 1285 857 1367 ineptiarum.

302 1368 405 1444 Quare
427 1368 579 1452 quidquid
599 1368 696 1432 habea
719 1368 795 1431 boni
816 1370 968 1454 malique,

301 1452 362 1516 Dic
385 1452 488 1517 nobis.
520 1453 592 1517 volo
614 1454 647 1516 te
668 1473 705 1516 ac
726 1453 798 1516 tuos
820 1474 943 1518 amores

301 1536 496 1602 Ancaeum
518 1536 624 1620 lepido
645 1557 758 1600 vocare
780 1558 882 1601 versu.

620 1664 771 1674 ——n—

655 1748 733 1822 VII.

302 1870 448 1954 Quaeris,
471 1872 549 1953 quot
568 1869 649 1934 mihi
669 1871 861 1935 basiationes

301 1955 402 2037 Tuae,
423 1954 550 2037 Lesbia,
572 1955 637 2019 sint
659 1956 736 2018 satis
758 1977 920 2039 superque.

301 2038 404 2113 Quam
424 2058 560 2123 magnus
581 2059 730 2103 numerus
751 2037 902 2121 Libyssae
924 2058 1038 2103 arenae

301 2122 539 2206 Lasmpiciferis
560 2122 643 2186 iacet
664 2121 811 2206 Cyrenis,

300 2206 449 2271 Oraclum
469 2206 555 2271 Iovis
579 2207 663 2270 inter
684 2207 822 2271 aestuosi

299 2289 345 2354 Et
364 2289 453 2354 Batti
473 2290 589 2354 veteris
611 2311 736 2354 sacrum
757 2290 950 2374 sepulcrum,

298 2373 367 2436 Aut
387 2380 483 2455 quam
504 2373 608 2437 sidera
627 2374 743 2457 multa,
769 2395 841 2437 cum
861 2378 947 2438 tacet
967 2394 1046 2458 nox,

300 2456 446 2520 Furtivus
468 2456 635 2519 hominum
655 2456 765 2520 vident
786 2478 924 2539 amaneu,

300 2539 379 2603 Tam
400 2541 433 2603 te
453 2539 542 2604 basia
562 2539 662 2603 multa
682 2539 805 2603 basiare

296 2623 423 2688 Vesano
446 2623 523 2688 satis
545 2627 578 2687 et
598 2645 692 2707 super
714 2622 887 2708 Catullost,

300 2705 386 2781 Quae
407 2727 467 2772 nec
487 2728 709 2791 pernumerare
731 2707 845 2770 curiosi

297 2789 428 2855 Possint
448 2812 508 2855 nec
528 2791 612 2856 mala
632 2791 787 2856 fascinare
808 2792 927 2877 lingua.

616 2920 768 2932 ---

641 3005 736 3079 VIII.

297 3125 396 3191 Miser
418 3125 556 3211 Catulle,
579 3126 703 3194 desinas
725 3129 874 3213 ineptire,

296 3210 341 3275 Et
361 3209 446 3293 quod
467 3211 554 3275 vides
575 3213 695 3295 perisse
715 3213 874 3296 perditum
895 3213 1001 3280 ducas.

295 3293 427 3358 Fulscre
449 3295 608 3379 quondum
630 3297 755 3361 candidi
776 3297 837 3361 tibi
858 3297 957 3382 solea,

296 3377 378 3444 Cum
399 3379 576 3444 ventitabas
599 3401 660 3464 quo
681 3382 786 3466 puella
807 3380 942 3445 ducebat

226 3472 244 3524 5
295 3462 412 3526 Amata
432 3463 526 3528 nobis
549 3468 701 3549 quantum
722 3466 879 3530 amabitur
899 3467 996 3532 nulle.
