2258 4148
451 172 566 230 LIBER.

114 339 188 404 Sive
211 359 273 421 qua
295 335 564 420 septemgeminus
586 336 707 401 colorat

315 422 464 503 Aequora
484 419 595 504 Nilus,

114 507 188 571 Sive
209 508 298 569 trans
320 505 400 567 altas
422 503 585 588 gradietur
606 503 722 586 Alpes,

114 590 260 655 Caesaris
282 589 388 654 visens
410 588 607 650 monimenta
628 587 752 671 magni,
962 596 997 647 ιο

114 674 273 738 Gallicum
294 672 454 754 Rhenum,
476 670 628 734 horribile
650 691 769 753 aequor
788 669 862 736 ulti·

315 777 447 838 mosque
468 753 657 837 Britannos,

115 840 234 905 Omnia
254 839 346 922 haec,
370 859 586 922 quaecumque
607 839 689 902 feret
709 839 856 903 voluntas

113 923 288 1005 Caelitum,
309 926 465 1006 temptare
488 922 583 985 simul
603 923 721 1006 parati,

113 1009 220 1072 Pauca
241 1008 386 1070 nuntiate
407 1028 496 1070 meae
517 1006 641 1090 puellae
962 1018 996 1068 15

317 1091 393 1155 Non
414 1090 499 1154 bona
521 1090 614 1154 dicta.

114 1175 195 1241 Cum
217 1176 281 1239 auis
302 1176 390 1239 vivat
409 1175 574 1258 valeatque
595 1175 751 1258 moechis,

114 1260 201 1334 Quos
223 1260 317 1323 simul
340 1259 493 1341 conplexa
514 1261 603 1322 tenet
623 1262 798 1341 trecentos,

115 1341 251 1408 Nullum
273 1365 383 1406 amans
405 1363 491 1424 vere,
515 1341 571 1406 sed
593 1342 766 1406 identidem
788 1343 931 1407 omnium

318 1426 378 1489 Ilia
398 1447 564 1508 rumpens:
960 1439 996 1488 20

113 1509 184 1575 Nec
206 1531 313 1573 meum
334 1512 504 1592 respectet,
527 1511 564 1572 ut
584 1512 674 1592 ante,
697 1531 852 1593 amorem,

113 1594 177 1668 Qui
199 1594 284 1658 illius
307 1594 401 1676 culpa
422 1593 537 1656 cecidit
557 1592 644 1657 velut
665 1595 748 1677 prati

114 1676 228 1742 Vltimi
249 1678 323 1760 flos,
346 1681 471 1760 praeter
492 1685 587 1740 eunte
607 1680 778 1763 postquam

319 1761 434 1826 Tactus
457 1763 603 1825 aratrost.

470 1949 549 2023 XII.

115 2063 295 2128 Marrucine
316 2064 425 2146 Asini,
448 2085 545 2127 manu
567 2063 697 2126 sinistra

114 2148 191 2212 Non
212 2147 296 2211 belle
317 2147 415 2210 uteris
436 2147 472 2209 in
492 2146 563 2210 ioco
586 2148 680 2228 atque
702 2147 794 2213 vinos

115 2231 217 2295 'Pollis
239 2231 339 2294 lintea
359 2229 645 2316 neglegentiorum.

114 2315 187 2379 Hoc
210 2314 329 2378 salsum
351 2336 419 2380 esse
439 2313 556 2400 putas?
579 2313 664 2398 fugit
683 2317 730 2398 te,
753 2314 878 2400 inepte:

114 2399 268 2474 Quamvis
291 2397 418 2461 sordida
438 2421 488 2464 res
511 2401 544 2463 et
564 2398 773 2464 invenustast.
977 2413 997 2462 o

115 2482 193 2547 Nou
215 2481 316 2546 credis
338 2480 439 2545 mihi?
467 2483 558 2547 erede
579 2482 707 2547 Polioni

117 2565 234 2646 Fratri,
257 2566 311 2649 qui
332 2568 389 2629 tua
411 2566 496 2629 furta
516 2567 567 2630 vel
588 2566 711 2631 talento

115 2650 235 2713 Mutari
256 2649 346 2713 velit:
370 2653 420 2713 est
440 2650 525 2713 enim
545 2650 692 2734 leporum

115 2733 262 2797 Disertus
283 2754 362 2816 puer
383 2754 420 2796 ac
440 2733 637 2798 facetiarum.

114 2817 218 2892 Quare
240 2820 297 2879 aut
316 2815 597 2900 hendecasyllabos
620 2820 781 2884 trecentos
962 2833 997 2884 10

114 2901 258 2983 Expecta
280 2902 335 2963 aut
355 2899 434 2963 mihi
455 2901 589 2965 linteum
609 2903 752 2987 remitte,

115 2983 209 3058 Quod
229 3005 280 3047 me
302 3004 369 3047 non
389 2987 497 3048 movet
517 2985 752 3071 aestimatione,

83 3110 87 3117 -
115 3065 267 3131 Verumst
288 3088 531 3150 mnemosynum
551 3070 614 3133 mei
636 3070 762 3135 sodalis.

115 3150 200 3216 Nam
224 3151 349 3216 sudaria
370 3151 504 3216 Saetaba
526 3173 564 3215 ex
585 3153 733 3219 Hibereis

114 3234 273 3300 Miserunt
292 3236 371 3300 mihi
393 3235 517 3300 muneri
539 3236 689 3302 Fabullus
962 3251 997 3301 16

115 3318 161 3383 Et
181 3318 354 3384 Veranius:
376 3319 455 3386 haec
477 3342 581 3385 amem
602 3324 762 3386 necessest

116 3401 162 3468 Vt
181 3402 387 3469 Veraniolum
407 3427 513 3470 meum
536 3409 568 3470 et
588 3404 766 3470 Fabullum.

437 3527 590 3536 n...-
