2242 3946
170 180 213 247 64
577 183 734 249 CATVLLI

234 348 337 431 Mule,
359 347 442 412 nihil
464 347 572 412 sentia.
603 347 631 411 si
651 347 754 411 nostri
776 347 874 411 oblite
894 348 1032 430 taceret,

278 431 363 496 Sana
385 435 482 496 esset:
504 452 590 495 nune
613 431 697 514 quod
718 431 834 515 gannit
856 433 889 495 et
909 430 1109 528 oblaquitur,

203 527 220 578 5
234 514 311 581 Non
325 517 428 580 solum
442 514 603 598 meminit,
625 514 680 578 sed
695 535 775 598 quae
789 515 890 578 multo
907 535 1011 579 aanor
1024 517 1074 579 est
1086 537 1121 581 ra

277 599 405 664 Iratast.
435 599 508 664 Hoc
530 602 595 683 est,
618 598 721 662 uritur
743 601 775 662 et
796 598 952 682 coquitur.

542 811 758 886 LXXXIIII.

237 933 434 1000 Chommoda
455 931 595 1016 dicebat,
618 934 646 999 si
667 934 794 1017 quando
816 933 984 998 commoda
1005 933 1106 999 vellet

231 1028 235 1035 '
278 1017 406 1100 Dicere,
429 1020 462 1081 et
482 1018 615 1082 insidias
638 1017 750 1083 Arrius
772 1016 943 1098 hinsidias,
1117 1096 1120 1101 .

236 1100 281 1165 Et
301 1106 370 1164 tum
390 1101 523 1165 mirifice
545 1101 694 1185 sperabat
714 1122 748 1165 se
771 1123 839 1166 esse
861 1101 1018 1185 locutum,

191 1252 197 1263 ,
280 1183 361 1250 Cum
383 1187 537 1281 quantum
557 1188 684 1269 poterat
705 1184 827 1249 dixerat
846 1183 1012 1251 hiusidias.

206 1267 357 1350 cOredo,
380 1289 425 1332 s1c
447 1272 562 1350 mater,
585 1269 630 1332 sic
652 1268 747 1333 Liber
768 1270 940 1333 avonculus
963 1270 1048 1355 eius,

280 1351 332 1416 Sic
353 1354 515 1415 maternus
538 1373 613 1416 avos
635 1351 757 1416 dixerat
778 1356 873 1437 atque
894 1353 973 1418 avia.

237 1433 310 1499 Hoc
330 1435 428 1500 misso
451 1435 487 1499 in
509 1435 633 1519 Syriam
653 1437 834 1519 requierant
861 1437 1010 1503 omnibus
1033 1460 1120 1505 aure

279 1517 446 1583 Audibant
466 1519 575 1583 eadem
596 1519 676 1584 haec
697 1520 811 1585 leniter
834 1524 866 1586 et
886 1521 1015 1606 leviter,

237 1601 307 1667 Nec
329 1603 390 1667 sibi
410 1604 541 1686 postilla
561 1596 746 1669 metueb'ant
766 1605 844 1669 talia
863 1605 974 1686 verba,

192 1698 223 1748 10
281 1685 362 1751 Cum
384 1687 490 1751 subito
513 1688 654 1752 adfertur
674 1689 805 1765 nuntius
826 1688 989 1753 horribilis
995 1736 1006 1772 ,

238 1769 348 1833 Ionios
368 1770 499 1853 fluctus,
522 1774 691 1854 postquam
712 1772 788 1836 illuc
810 1773 922 1836 Arrius
944 1773 1040 1858 isset,

279 1851 348 1916 Iam
370 1874 437 1918 non
458 1853 565 1918 Ionios
587 1876 669 1940 esse,
693 1855 749 1919 sed
770 1855 917 1920 Hionios.

565 2067 742 2141 LXXXV.

238 2186 300 2252 Odi
322 2191 355 2253 et
376 2210 457 2254 amo.
486 2211 582 2273 quare
603 2189 637 2252 id
657 2189 787 2273 faciam,
809 2191 944 2256 fortasse
965 2193 1110 2277 requiris.

279 2272 396 2338 Nescio
401 2322 411 2357 ,
434 2274 490 2338 sed
510 2273 579 2337 fieri
601 2274 704 2338 sentio
727 2277 759 2337 et
781 2275 952 2340 excrucior.

556 2486 752 2562 LXXXVI.

239 2606 370 2682 Quintia
390 2608 562 2672 formosast
582 2610 708 2694 multis,
730 2610 810 2674 mihi
832 2612 980 2695 candida,
1003 2613 1116 2700 longa,

281 2691 420 2755 Rectast.
449 2691 529 2757 haee
551 2714 610 2778 ego
634 2694 680 2759 sic
703 2695 829 2779 singula
850 2696 1020 2780 confiteor,

240 2774 357 2838 'Ictum
377 2774 457 2839 illud
477 2776 618 2842 formosa
638 2799 738 2862 nego:
765 2800 841 2842 nam
861 2780 950 2844 nulla
970 2802 1066 2847 uenu
1093 2810 1116 2836 :-

281 2858 380 2924 Nulla
400 2859 435 2922 in
455 2862 522 2923 tam
544 2865 694 2946 magnust
715 2883 847 2946 corpore
869 2863 952 2929 mica
973 2864 1060 2930 salis.

209 2941 355 3006 eLesbia
375 2942 562 3027 formosast,
590 2966 670 3028 quae
692 2968 765 3011 eum
786 2947 1000 3030 pulcherrima
1020 2951 1056 3013 to
1077 2978 1121 3006 :m

281 3025 363 3089 'Ium
384 3027 532 3092 omnibus
553 3050 617 3092 una
639 3050 748 3094 omnes
770 3031 923 3115 surripuit
943 3031 1095 3100 Veneres.

581 3159 731 3169 ——

545 3241 758 3319 LXXXVII.

238 3359 336 3426 Nunc
356 3365 464 3446 potest
484 3365 598 3429 mulier
619 3369 744 3430 tantum
766 3389 799 3432 se
821 3366 925 3432 dicere
947 3370 1086 3434 amatam

279 3445 379 3529 Vere,
403 3453 557 3531 quantum
579 3471 598 3512 a
619 3471 669 3514 me
691 3450 807 3515 Lesbia
828 3455 932 3516 amata
952 3453 1060 3519 mea's.
