2258 4148
110 201 130 267 6
518 206 671 263 OATVLLI

193 369 380 456 Eloquonam
401 369 481 434 mihi
497 371 674 517 grofirisset
694 391 776 436 aere.

194 454 358 539 Respondi
378 454 411 518 id
433 474 495 538 quo
540 458 622 537 erat,
643 454 726 518 nihil
747 475 850 537 neque
872 453 953 537 ipsis

111 551 144 601 10
194 538 263 603 Nec
284 537 483 623 praetoribus
506 559 575 604 esse
596 559 656 602 nec
678 538 816 621 cohorti,

195 621 261 688 Cur
281 623 448 706 quisquam
470 625 566 706 caput
587 623 713 687 unctius
734 622 883 706 referret,

194 706 385 771 Praesertim
406 705 520 789 quibus
543 709 627 770 esset
650 707 828 770 inrumator

194 791 341 873 Praetor,
363 811 430 853 non
450 790 570 854 faciens
592 789 651 873 pili
671 788 844 855 cohortem.

196 875 259 938 ‘At
280 877 365 939 certe
386 876 509 957 tamen,
531 874 694 958 inquiunt,
716 873 801 959 quod
823 874 890 939 illic

112 971 144 1020 15
193 958 315 1024 Natum
338 958 452 1023 dicitur
473 979 559 1040 esse,
582 959 762 1041 conparasti

193 1043 247 1107 Ad
268 1042 413 1107 lecticam
434 1040 603 1105 homines?
640 1063 716 1127 ego,
738 1045 775 1106 ut
795 1043 921 1126 puellae

194 1126 303 1190 Vnum
324 1147 376 1190 me
396 1126 533 1190 facerem
555 1125 743 1208 beatiorem,

188 1206 306 1275 '‘Non'
327 1210 458 1293 inquam
480 1208 577 1272 ‘mihi
597 1212 664 1273 tam
685 1209 747 1273 fuit
767 1210 923 1295 maligne,

194 1293 253 1376 Vt,
274 1293 441 1378 provincia
461 1293 546 1376 quod
567 1292 653 1356 mala
673 1293 855 1376 incidisset,

110 1391 144 1440 20
192 1377 270 1444 Non
289 1398 418 1462 possem
439 1381 512 1441 octo
534 1377 681 1441 homines
701 1399 813 1461 parare
834 1381 963 1442 rectos?

194 1464 240 1526 At
260 1463 306 1525 mi
325 1462 433 1526 nullus
456 1464 525 1525 erat
545 1483 605 1526 nec
625 1461 678 1526 hic
698 1483 801 1546 neque
822 1462 904 1545 illic,

194 1545 344 1611 Fractum
366 1546 421 1628 qui
441 1545 557 1610 1111111
578 1545 692 1629 pedem
713 1545 839 1630 grabati

193 1629 234 1693 ln
255 1630 337 1695 collo
365 1629 427 1694 sibi
448 1630 603 1694 collocare
624 1632 743 1712 posset.

194 1713 257 1778 Hic
278 1713 349 1796 illa,
371 1715 407 1776 ut
429 1713 535 1777 decuit
556 1713 795 1797 cinaediorem,

109 1810 142 1861 25
194 1797 352 1872 ‘Quaeso'
374 1796 479 1880 inquit
502 1796 613 1880 ‘mihi,
635 1797 681 1860 mi
703 1797 842 1879 Catulle,
864 1798 999 1881 paulum

193 1881 287 1945 11111.
320 1880 485 1945 commode
506 1881 592 1945 enim
613 1881 685 1945 volo
708 1882 749 1946 ad
770 1882 915 1965 Sarapim

192 1964 341 2030 Deferri?
376 1965 541 2029 ‘minime'
564 1965 667 2049 inquii
686 1966 826 2050 puellae,

439 2092 458 2132 1
582 2091 600 2132 a
726 2092 744 2131 a

194 2165 301 2230 ‘Istud
323 2166 408 2251 quod
429 2166 524 2232 modo
550 2167 691 2232 dixeram
712 2189 764 2230 me
785 2166 918 2247 habere,

192 2249 290 2334 Fugit
309 2273 361 2315 me
382 2252 480 2317 ratio:
502 2273 591 2317 maus
614 2252 732 2316 sodalis

109 2346 143 2396 80
193 2333 328 2398 Cinnast
350 2334 461 2416 GaiuS,
483 2335 511 2397 is
534 2336 595 2398 sibi
616 2337 749 2419 pararit.

192 2417 326 2499 Verum,
348 2420 455 2481 utrum
476 2418 562 2481 illius
585 2440 627 2481 an
648 2419 725 2499 mei,
748 2418 824 2500 quid
845 2416 885 2480 ad
907 2419 982 2482 me?

193 2500 275 2566 Vter
295 2504 362 2564 tam
382 2500 464 2564 benc
485 2522 581 2583 quam
602 2500 682 2564 mihi
703 2501 851 2583 pararim.

193 2585 256 2649 Sed
276 2587 312 2648 tu
332 2584 454 2649 insulsa
474 2585 558 2648 male
580 2607 617 2650 ac
638 2585 774 2648 molesta
795 2584 889 2666 11111,

192 2668 254 2734 Ρ11
275 2691 370 2752 quam
390 2692 459 2734 non
480 2668 556 2734 licet
578 2690 646 2734 esse
666 2668 907 2753 negligentem!

556 2925 618 3001 XI.

193 3055 269 3122 Furi
291 3058 323 3120 11
343 3055 471 3140 Aureli,
495 3056 627 3120 comites
649 3057 784 3139 Catulli,

194 3140 266 3205 Sive
287 3141 323 3204 in
344 3143 501 3205 extremos
521 3141 703 3224 penetrabit
723 3140 837 3224 ludos,

193 3223 283 3289 Litus
305 3228 342 3289 ut
362 3226 467 3372 lonTglg1
468 3228 658 3372 dlbbinuaillea
669 3224 741 3289 an

662 3359 671 3392 7

193 3391 266 3458 Sive
287 3393 323 3457 in
342 3392 510 3477 Hyrcanos
532 3393 693 3457 Arabasve
714 3391 842 3476 molles,

194 3475 257 3542 Seu
278 3476 374 3542 Sacas
397 3476 631 3562 sagittiferosve
651 3476 801 3558 Parthos,
