2242 3946
10 455 17 527 l
61 469 150 534 sbius
172 472 221 533 esi
241 469 388 553 pulcher:
412 471 565 554 quidni?
588 491 682 555 quem
703 468 817 534 Lesbia
838 469 930 534 malit

10 538 17 578 l
58 553 162 629 Quam
182 557 216 617 le
238 552 310 618 euris
331 558 401 618 iola
421 558 533 639 genle,
557 553 696 638 Catulle,
719 557 785 617 tua.

58 638 77 701 d
91 641 203 701 tamen
216 635 270 700 hie
283 637 416 720 pulcher
430 638 548 703 vendas
562 659 634 702 oum
648 642 744 723 gente
760 636 931 721 Catullum,

58 720 93 786 si
114 721 178 784 tria
199 730 349 785 notorum
371 722 457 786 savia
477 723 661 807 reppereris

424 935 568 1008 LXXX.

43 1057 100 1120 uid
123 1055 242 1138 dicam,
267 1053 366 1139 Gelli,
410 1077 485 1120 uare
506 1078 598 1121 rosea
619 1056 681 1120 ista
702 1057 817 1121 labella

54 1139 205 1204 Hiberna
225 1140 305 1202 fiant
327 1160 385 1202 ean
411 1139 509 1203 'diora
529 1141 618 1224 nive,

49 1245 113 1288 ans
136 1222 230 1287 domo
253 1243 325 1286 oum
347 1223 413 1287 exis
436 1227 468 1287 el
489 1245 561 1288 oum
582 1228 615 1289 lo
636 1227 748 1289 octava
769 1225 873 1308 quiete
959 1232 966 1243 ⁰

52 1308 86 1372 Ε
108 1307 200 1370 molli
222 1307 320 1390 longo
343 1307 476 1371 suscitat
496 1307 576 1371 hora
597 1308 670 1372 die?

45 1389 371 1539 ⁰3⁰i⁰l1iidsslemliji
392 1413 528 1538 pntvaere
549 1392 634 1456 fama
655 1395 797 1539 susprral
962 1401 981 1452 5

89 1495 147 1537 ran
181 1495 201 1536 a
274 1494 325 1537 me
409 1496 448 1539 en
503 1496 613 1539 vorare
634 1497 694 1539 vnn

35 1560 68 1623 ie
92 1562 223 1623 oerlest:
247 1557 387 1621 elamanl
407 1557 547 1623 Viatoris
569 1562 663 1643 rupta
683 1558 800 1623 miselli

10 1694 12 1729 ,
54 1641 135 1726 Ilia,
158 1644 191 1706 el
212 1642 333 1706 emulso
356 1642 444 1706 labra
463 1644 575 1706 notata
597 1664 677 1708 sere.

418 1856 580 1931 LXXXI.

46 1998 163 2042 emone
184 1976 220 2040 in
240 1979 329 2042 tanto
351 1978 458 2061 potuis
478 1979 597 2062 populo
620 2001 703 2061 esse,
726 1978 866 2063 Iuventi,

56 2061 170 2125 Bellus
191 2056 302 2143 homo,
326 2082 423 2144 quem
440 2064 476 2125 lu
499 2062 631 2146 diligere
653 2063 825 2146 inciperes,

58 2149 242 2228 neterquam
264 2146 324 2208 iste
345 2149 418 2208 tuus
440 2145 630 2210 moribunda
650 2168 669 2210 a
691 2145 764 2210 sede
784 2145 908 2211 Pisauri

56 2228 187 2312 Hospes
208 2229 353 2293 inaurata
373 2228 523 2312 pallidior
545 2232 664 2312 staina,

43 2312 80 2376 ui
101 2312 162 2376 ribi
182 2333 268 2376 nuno
290 2311 422 2396 cordist,
446 2334 539 2396 quem
559 2316 596 2378 tu
616 2335 812 2397 praeponere
832 2313 927 2378 nobis
961 2325 980 2375 o

57 2396 183 2478 Audes,
206 2398 239 2460 el
259 2396 362 2460 neseis
385 2397 469 2478 quod
490 2397 614 2462 facinus
636 2398 743 2463 faoias.

407 2629 586 2704 LXXXII.

46 2749 144 2832 uinli,
167 2749 195 2813 si
216 2749 276 2812 ribi
297 2749 346 2814 vis
369 2752 477 2842 oeulos
500 2751 612 2816 debere
634 2750 795 2818 Catullum

60 2834 127 2896 Aut
149 2832 235 2897 aliud
257 2833 362 2917 siquid
383 2836 485 2899 carius
507 2838 557 2900 est
577 2836 693 2919 oeulis,

65 2918 71 2931 '
97 2938 150 2980 ere
172 2917 202 2980 ei
223 2917 308 3002 noli,
329 2917 430 2982 mullo
453 2919 538 3001 quod
559 2920 661 2983 oarius
682 2920 732 2984 illi

88 3003 120 3065 sl
141 3000 241 3065 oeulis
264 3000 417 3085 seuquid
439 3003 541 3066 carius
563 3007 612 3068 est
633 3003 742 3068 oeulis.

396 3233 592 3308 LXXXIH.

63 3356 132 3420 sbia
152 3356 197 3420 mi
218 3358 384 3440 praesente
405 3357 474 3420 viro
495 3356 580 3420 mala
600 3354 738 3438 plurima
759 3357 851 3424 dicit:

59 3439 148 3504 Haeo
170 3441 218 3504 illi
239 3441 327 3505 saluo
349 3441 486 3505 maxima
507 3440 667 3506 laetitiae
