2258 4148
515 180 669 239 CATVLLI

542 347 640 423 xm.

196 462 334 529 Cenabis
356 461 452 544 bene,
474 462 519 526 mi
540 462 687 540 Fabulle,
710 462 794 546 apud
815 485 867 529 me

196 547 326 629 Paucis,
350 547 377 610 si
398 547 459 610 tibi
480 546 513 609 di
534 547 658 629 favent,
681 546 806 630 diebus,

199 630 233 695 si
254 633 361 694 tecum
382 630 527 694 attuleris
549 630 668 694 bonam
689 633 782 714 atque
804 654 955 718 magnam

198 714 333 797 Cenem,
355 736 422 778 non
445 715 513 778 sine
536 714 670 778 candida
691 714 797 798 puella

125 809 143 860 5
194 797 240 862 Et
261 799 335 862 vino
358 801 390 862 et
411 798 477 862 sale
499 801 531 862 et
552 798 700 862 omnibus
723 798 896 864 cachinnis.

196 881 286 946 Haec
308 882 350 965 si,
372 882 517 965 inquam,
541 883 699 964 attuleris,
722 888 853 948 venuste
875 888 1002 969 noster,

198 964 335 1031 Cenabis
356 965 453 1030 bene:
474 987 550 1030 nam
570 966 618 1029 tui
641 964 759 1031 Catulli

197 1050 316 1114 Plenus
338 1050 483 1114 sacculus
506 1051 555 1114 est
577 1071 772 1115 aranearum.

198 1133 261 1199 Sed
283 1136 394 1198 contra
415 1133 551 1217 accipies
572 1154 677 1197 meros
700 1155 821 1200 amores

113 1229 147 1280 10
197 1217 260 1282 Seu
281 1216 357 1301 quid
379 1217 505 1281 suavius
528 1217 789 1302 elegantiusvest:

197 1301 283 1366 Nam
304 1303 502 1382 unguentum
525 1300 622 1384 dabo,
646 1302 730 1384 quod
752 1325 840 1367 meae
861 1305 990 1388 puellae

198 1385 370 1449 Donarunt
390 1384 531 1449 Veneres
554 1385 804 1470 Cupidinesque,

199 1467 291 1544 Quod
312 1471 348 1532 tu
369 1490 442 1532 oum
464 1469 609 1552 olfacies,
632 1469 707 1534 deos
729 1471 873 1556 rogabis,

198 1551 316 1617 Totum
336 1555 373 1616 ut
393 1555 426 1617 te
447 1553 581 1636 faciant,
603 1553 752 1638 Fabulle,
775 1578 898 1621 nasum.

534 1741 649 1816 XHH.

197 1855 242 1920 Ni
263 1857 296 1919 te
317 1855 389 1939 plus
412 1855 512 1919 oeulis
534 1855 613 1919 meis
635 1877 789 1939 amarem,

197 1939 427 2003 Iocundissime
450 1937 560 2021 Calvo,
583 1961 713 2004 munere
735 1941 797 2004 isto

199 2022 345 2088 Odissem
366 2025 398 2087 te
420 2021 493 2087 odio
515 2022 703 2088 Vatiniana:

198 2107 283 2172 Nam
305 2105 382 2191 quid
403 2106 466 2170 feci
488 2128 548 2193 ego
571 2108 685 2191 quidve
707 2129 777 2172 sum
799 2108 940 2192 locutus,

126 2203 144 2254 ὁ
198 2190 263 2257 Cur
284 2213 336 2256 me
357 2194 407 2255 tot
426 2192 510 2255 male
531 2191 678 2276 perderes
700 2191 828 2276 poetis?

197 2273 258 2339 Isti
280 2275 312 2339 di
333 2276 418 2339 mala
438 2276 540 2339 multa
561 2276 638 2340 dent
659 2276 783 2358 clienti,

199 2358 261 2433 Qui
281 2361 407 2422 tantum
427 2359 488 2422 tibi
509 2359 598 2423 misit
617 2360 788 2442 inpiorum.

199 2440 291 2516 Quod
313 2442 341 2506 si
377 2445 415 2506 ut
435 2463 488 2505 sus
512 2442 594 2525 icor,
615 2441 677 2505 hoc
698 2463 817 2505 novum
839 2464 875 2507 ac
896 2448 1017 2527 reperti

197 2524 315 2589 Munus
337 2490 392 2588 lae
412 2525 473 2589 ear
490 2464 583 2590 lna
603 2525 777 2608 nuaram,

114 2620 149 2672 ιο
196 2608 273 2673 Non
295 2611 344 2673 est
363 2609 409 2673 mi
429 2609 528 2692 male,
551 2609 608 2674 sed
629 2608 710 2672 bene
732 2630 768 2674 ac
790 2608 897 2695 beate,

198 2692 291 2767 Quod
310 2714 378 2756 non
399 2692 583 2776 dispereunt
602 2693 651 2756 tui
671 2692 806 2757 labores.

197 2775 241 2840 Di
261 2776 386 2860 magni,
408 2775 593 2841 horribilem
615 2779 648 2841 et
669 2798 793 2842 sacrum
814 2778 959 2844 libellum

199 2860 300 2936 Quem
321 2862 357 2923 tu
379 2860 501 2925 seilicet
522 2861 562 2925 ad
582 2865 673 2926 buum
696 2861 857 2927 Catullum

197 2943 302 3027 nisti,
325 2944 477 3009 continuo
499 2947 536 3007 ut
557 2945 608 3009 die
629 2945 762 3030 periret,

110 3039 147 3092 ⁴15
196 3027 432 3112 Saturnalibus,
456 3028 577 3124 optimo
600 3029 736 3095 dierum!

197 3112 275 3178 Non
295 3133 363 3176 non
382 3110 445 3176 hoc
465 3112 540 3195 nbi,
563 3113 660 3196 salse,
683 3114 730 3178 sic
752 3114 868 3180 abibit:

197 3195 296 3278 Nam,
320 3196 348 3260 si
367 3195 498 3279 luxerit,
522 3195 562 3260 ad
583 3197 783 3261 librariorum

199 3278 331 3345 Curram
353 3280 485 3363 serinia,
510 3279 653 3364 Cassios,
674 3281 836 3365 AquinoS,

198 3362 378 3447 Suffenum,
400 3364 509 3428 omnia
530 3364 680 3450 colligam
701 3386 839 3447 venena,

111 3459 147 3511 20
196 3448 245 3513 Ac
266 3450 299 3512 te
320 3447 371 3512 his
394 3447 559 3532 suppliciis
579 3448 815 3514 remunerabor.
