2258 4148
10 166 12 172 ’
39 199 186 264 mvn
478 197 594 256 imru
977 193 1019 259 co

45 361 152 430 Nulle
172 361 251 425 fides
272 358 339 424 ullo
361 359 424 423 fuit
443 380 595 443 umquam
615 359 742 424 foedere
763 361 867 444 tenta,

10 460 14 490 ²
91 447 225 523 Quanta
245 445 281 507 in
302 465 409 507 amore
430 447 486 507 tuo
510 465 549 507 ex
569 445 660 526 parte
681 448 807 527 reperta
827 447 937 509 meast.

10 549 12 556 ’
47 528 150 600 Nunc
166 532 216 594 est
228 549 319 592 mens
334 526 462 593 diducta
476 531 541 610 tua,
556 549 627 591 mea
640 527 765 611 Lesbia,
781 529 884 613 culpa,
921 535 1019 592 LXXV

94 615 205 697 Atque
226 613 272 677 ita
293 633 327 676 se
349 611 456 676 officio
478 611 616 695 perdidit
637 612 707 695 ipsa
729 633 802 696 suo,

51 698 98 765 Vt
119 698 186 762 iem
207 717 267 761 nec
287 695 369 760 bene
390 695 472 760 velle
494 698 588 778 queat
608 696 685 780 tibi,
708 697 735 761 ri
757 698 879 781 optima
899 697 971 782 fias,
1099 736 1106 749 ·

94 781 167 848 Nec
189 780 340 847 desistere
363 801 484 863 amare,
507 780 615 844 omnis
637 781 663 845 si
688 781 794 846 facias,

462 955 614 964 μμ*-

374 1137 376 1140 ,
453 1069 614 1144 LXXVI.

58 1202 156 1286 Siqua
177 1200 358 1266 recordanti
378 1200 545 1266 benefacta
565 1202 672 1284 priora
692 1201 839 1286 voluptas

97 1286 160 1350 Est
180 1283 319 1367 homini,
342 1306 413 1350 cum
436 1307 469 1348 se
492 1285 613 1369 cogitat
634 1306 703 1349 esse
724 1287 828 1369 pium,

58 1369 125 1436 Nec
148 1371 292 1433 sanctam
313 1368 448 1432 violasse
469 1368 577 1452 fidem,
600 1390 659 1432 nec
681 1368 808 1434 foedere
829 1371 864 1434 in
884 1370 951 1435 ullo

10 1439 36 1481 ὅ·
98 1452 218 1517 Divom
239 1452 279 1515 ad
301 1451 457 1519 fallendos
478 1453 608 1517 numine
631 1452 764 1516 ebusum
784 1453 945 1537 homines,

59 1536 161 1602 Multa
181 1540 294 1620 parate
313 1539 446 1601 manent
466 1536 502 1599 in
523 1536 620 1620 longa
642 1539 758 1620 aetate,
782 1535 906 1602 Catulle
912 1586 922 1621 ‚
1003 1549 1019 1598 o

99 1621 150 1685 Ex
171 1619 235 1684 hoc
255 1620 382 1704 ingrato
404 1619 521 1707 gaudia
542 1641 648 1685 amore
670 1621 739 1686 tibi.

60 1703 142 1770 Nam
164 1725 379 1787 quaecumque
400 1703 546 1768 homines
569 1705 650 1768 bene
668 1705 815 1789 cuiquam
835 1707 890 1769 cut
912 1705 957 1769 di·

585 1808 588 1813 ⁴
664 1810 734 1853 cere
755 1792 891 1873 possunt

99 1873 169 1937 Aut
188 1873 307 1955 facere,
330 1871 409 1935 haec
431 1875 503 1936 616
525 1873 671 1957 dictaque
693 1873 838 1957 factaque
860 1875 949 1958 sunt3

33 1986 37 1997 ·
62 1957 236 2040 Omniaque
258 1957 403 2040 ingratae
424 1957 588 2040 perierunt
609 1956 730 2034 credita
749 1957 858 2021 menti.

101 2040 205 2116 Quare
226 2040 291 2103 iam
311 2043 344 2103 te
366 2061 422 2103 cur
443 2040 579 2122 amplius
602 2040 783 2104 excrucies?
989 2054 1021 2102 10

62 2124 145 2201 Quin
158 2126 195 2188 tu
210 2124 316 2187 animo
332 2124 472 2187 offirmas
488 2126 581 2205 atque
596 2123 691 2186 istinc
704 2127 800 2207 teque
813 2123 938 2188 reducis

13 2224 21 2238 ·
100 2208 146 2272 Et
167 2206 215 2270 dis
237 2207 346 2271 invitis
369 2206 487 2270 desinis
510 2228 578 2270 esse
599 2206 718 2270 miser?

60 2291 231 2355 Difficilest
251 2292 385 2376 longum
409 2291 514 2355 subito
538 2290 696 2373 deponere
719 2312 868 2357 amorem.

101 2372 287 2458 Difficilem,
309 2397 419 2439 verum
440 2374 501 2438 hoc
524 2395 586 2458 qua
607 2374 697 2439 lubet
718 2376 846 2440 efficias.

62 2455 133 2524 Vna
154 2460 239 2523 salus
261 2458 340 2523 haec
362 2462 424 2541 est,
446 2458 508 2523 hoc
531 2458 660 2522 esttibi
681 2459 943 2542 pervincendum:
989 2474 1020 2522 15

101 2542 174 2608 Hoc
196 2543 309 2626 facias,
332 2543 398 2607 sive
420 2543 452 2606 id
473 2564 540 2607 non
560 2545 636 2626 pote
659 2543 725 2607 sive
746 2545 831 2626 pote.

14 2644 24 2677 ²
62 2627 87 2693 Ο
104 2627 150 2706 di,
167 2626 195 2690 si
209 2630 381 2690 vestrumst
394 2626 551 2709 misereri,
569 2628 625 2690 eut
639 2627 667 2690 si
681 2626 794 2709 quibus
809 2647 958 2710 umquam

100 2711 286 2775 Extremam
307 2711 372 2774 iam
392 2711 462 2793 ipsa
482 2713 585 2774 morte
606 2711 726 2774 tulistis
748 2731 856 2795 opem,

62 2793 113 2859 Me
134 2795 285 2858 miserum
307 2794 438 2879 aspicite
462 2793 522 2878 (61,
545 2794 572 2857 si
594 2794 693 2858 vitem
713 2795 836 2877 puriter
858 2795 926 2880 egi,

101 2877 226 2975 Eripite
247 2877 331 2943 hanc
352 2881 475 2962 pestem
495 2878 731 2962 perniciemque
753 2877 862 2963 mihi),
989 2892 1023 2941 20

60 2959 101 3026 ni
122 2960 203 3025 mrhi
224 2982 391 3046 surrepens
412 2962 494 3025 imos
516 2964 552 3025 ut
572 2964 683 3045 torpor
704 2963 740 3026 in
762 2964 849 3026 artus
910 2976 919 2991 ·

101 3044 236 3129 Expulit
258 3068 296 3110 ex
318 3046 405 3110 omni
426 3047 555 3128 pectore
577 3045 724 3109 laetitias.

61 3127 138 3195 Non
158 3131 223 3193 iam
243 3129 324 3193 illud
346 3150 479 3212 quaero,
501 3131 612 3193 contre
632 3151 683 3193 me
705 3132 741 3192 ut
763 3128 876 3213 diligat
897 3129 968 3208 illa,

102 3214 185 3296 Aut,
208 3212 293 3297 quod
313 3235 381 3277 non
402 3213 560 3295 potisest‚
582 3234 652 3276 esse
674 3211 789 3297 pudica
809 3213 904 3277 velit:

62 3295 135 3382 Ipse
146 3298 251 3363 velere
266 3301 342 3381 opto
356 3301 389 3361 61
401 3299 538 3360 taetrum
552 3296 637 3360 hunc
650 3295 807 3380 deponere
817 3297 973 3361 morbum.
990 3309 1022 3359 25

104 3379 132 3446 0
155 3381 203 3464 di,
224 3381 346 3446 reddite
367 3381 412 3445 mi
433 3380 495 3444 hcc
517 3401 574 3463 pro
597 3381 713 3463 pietate
735 3401 815 3446 mea.

10 2934 33 3013 t,

466 3537 617 3546 -——-—-

113 3566 241 3610 osmnve.
856 3569 873 3619 5
