2258 4148
149 174 191 239 38
333 258 343 279 .
558 176 710 234 curvum

181 339 357 405 cDevclsit
378 339 432 403 ilei
454 340 547 403 acuto
568 339 630 403 sibi
650 339 792 422 pondera
813 339 910 406 silice.

213 424 323 507 ltaque
345 427 381 487 ut
401 422 513 488 relicta
534 423 634 487 sensit
654 423 716 487 sibi
736 423 879 487 membra
900 423 970 489 sine
991 424 1075 509 viro,
1098 456 1104 497 ς

212 507 321 572 Etiam
341 510 467 572 recente
488 509 591 571 terrae
613 507 682 570 sola
703 508 858 592 sanguine
878 508 1044 591 maculans
1097 508 1105 563 ²·-

213 590 324 656 Nireis
346 589 444 655 citata
465 591 550 675 cepit
569 591 716 655 manibus
738 590 805 655 leve
827 593 998 675 typanum,

213 674 396 758 Typanum,
418 677 507 739 tuom
529 673 672 758 Cybebe,
693 677 764 758 tua,
786 679 902 760 mater,
925 676 1033 760 initia,
1123 731 1129 740 ,

166 771 199 821 10
213 758 428 842 Quatiensque
449 761 541 842 terga
561 759 663 822 taurei
683 758 802 822 teneris
825 780 901 823 cava
923 759 1034 844 digitis
1123 748 1129 794 ¹

214 841 335 907 Canere
356 840 436 906 haec
457 843 522 906 suis
544 841 687 906 adortast
707 842 916 907 tremebunda
930 843 1106 909 comitibus.
1125 830 1129 891 l

215 926 325 1011 ‘Agite
339 926 383 990 ite
397 925 437 989 ad
452 927 530 1007 alta,
555 925 664 991 Gallae
672 974 680 1007 ,
703 924 838 1009 Cybeles
852 947 985 991 nemora
1005 926 1129 1010 simut-¹

214 1009 316 1076 Simul
336 1010 395 1093 ite,
418 1008 637 1093 Dindymenae
658 1009 806 1075 dominae
827 1032 909 1094 vaga
929 1032 1063 1095 pecora,

213 1094 330 1158 Aliena
351 1115 430 1177 quae
452 1097 595 1177 petentes
617 1095 703 1158 velut
725 1094 832 1158 exules
854 1094 924 1159 loca

167 1191 197 1241 15
213 1177 339 1243 Sectam
359 1198 464 1241 meam
485 1179 633 1242 exacutae
655 1178 733 1242 duce
754 1199 805 1242 me
826 1177 906 1242 mihi
927 1177 1061 1244 comites

212 1261 371 1326 Rabidum
393 1263 495 1326 salum
515 1261 633 1324 tulistis
654 1261 895 1345 truculentaque
916 1262 1030 1348 pelage

213 1345 257 1410 Et
278 1366 392 1429 corpus
414 1345 557 1409 evirastis
578 1344 712 1409 Veneris
733 1345 834 1410 nimio
857 1345 946 1430 odic,

213 1429 357 1493 Hilarate
379 1451 450 1493 erae
471 1429 576 1493 citatis
598 1429 757 1493 erroribus
779 1429 929 1494 animum.

213 1513 305 1577 Mora
324 1513 416 1577 tarda
436 1515 542 1577 mente
564 1513 669 1577 cedat:
692 1513 787 1576 simul
808 1514 866 1596 ite,
890 1513 1062 1597 sequimini

165 1610 199 1660 20
212 1597 385 1682 Phrygiam
412 1597 452 1661 ad
479 1597 608 1661 domum
636 1596 795 1680 Cybebes,
822 1596 963 1744 Phgygia
990 1597 1031 1662 ad
1058 1619 1112 1663 ne·

754 1702 844 1745 mora
887 1703 942 1746 eae
1122 1718 1125 1723 ·

213 1765 278 1830 Vbi
299 1765 478 1848 cymbalum
499 1768 594 1831 sonat
613 1787 690 1850 vox,
712 1765 767 1829 ubi
788 1731 1111 1850 tympana'reboant,

214 1848 346 1914 Tibicen
366 1850 421 1913 ubi
444 1851 530 1914 canit
550 1849 658 1933 Phryx
680 1870 775 1914 curvo
798 1870 894 1935 grave
916 1849 1056 1935 calamo,

213 1932 278 1997 Vbi
300 1934 405 2016 capita
425 1933 596 1998 Maenades
617 1934 649 1998 vi
670 1933 791 1998 iaciunt
812 1933 1011 2030 ederigerae,

213 2015 278 2082 Vbi
299 2038 390 2081 sacra
411 2019 520 2081 sancta
542 2017 642 2082 acutis
663 2017 836 2082 ululatibus
858 2021 999 2102 agitant,

165 2114 197 2163 25
212 2100 276 2165 Vbi
298 2101 400 2165 suevit
421 2101 478 2165 illa
499 2101 588 2165 divae
610 2101 742 2166 volitare
763 2123 846 2198 vaga
868 2100 997 2167 cohorst

214 2184 283 2260 Quo
305 2206 365 2249 nos
388 2185 478 2250 decet
499 2186 603 2249 citatis
626 2186 761 2249 celerare
781 2185 951 2269 tripudiis!
1123 2250 1126 2255 .

213 2268 315 2334 Simul
336 2267 416 2334 haec
438 2270 606 2334 comitibus
621 2270 707 2333 Attis
730 2270 845 2333 cecinit
865 2271 966 2334 notha
986 2268 1117 2355 mulier,¹

213 2351 348 2417 Thiasus
369 2356 499 2436 repente
520 2353 638 2438 linguis
660 2353 892 2437 trepidantibus
913 2354 1031 2438 ululat,

213 2435 296 2500 Leve
317 2439 504 2519 tympanum
517 2437 665 2520 remugit,
686 2458 762 2501 cava
776 2437 920 2521 cymbala
934 2440 1112 2522 recrepant,

165 2533 198 2582 30
212 2519 355 2585 Viridem
378 2521 459 2584 citus
481 2520 548 2585 adit
568 2520 658 2584 Idam
679 2523 868 2605 properante
911 2521 967 2585 ede
983 2520 1112 2586 chorus.

212 2603 396 2670 Furibunda
422 2605 517 2668 simul
543 2603 696 2669 anhelans
723 2625 806 2689 vaga
836 2625 875 2669 va
898 2605 938 2688 it,
971 2605 1113 2671 animam

797 2711 852 2752 ens

213 2773 373 2839 Comitata
394 2775 547 2857 tympano
568 2773 656 2837 Attis
677 2795 734 2857 per
754 2711 867 2856 dhaes,
879 2793 1011 2838 nemora
1032 2773 1113 2859 dux,

212 2857 320 2922 Veluti
342 2858 473 2922 iuvenca
493 2858 597 2921 vitans
619 2879 699 2921 onus
721 2857 878 2921 indomita
897 2857 979 2942 iugi:

212 2941 354 3025 Rapidae
376 2941 488 3005 ducem
509 2963 543 3006 se
566 2942 683 3004 uuntur
706 2940 816 3005 Gallae
836 2940 1091 3025 properipedem.

164 3038 197 3088 35
210 3024 322 3109 ltaque
344 3028 381 3090 ut
401 3024 530 3089 domum
545 2962 696 3109 (Cybebes
717 3026 850 3109 tetigere
872 3024 1024 3107 lassulae,

213 3109 328 3175 Nimio
346 3131 362 3173 e
384 3109 492 3173 labore
514 3130 661 3173 somnum
683 3110 813 3193 capiunt
834 3108 902 3172 sine
924 3106 1050 3174 Cerere.
1094 3132 1101 3149 -·

212 3192 309 3278 Piger
330 3192 381 3257 his
403 3193 530 3257 labante
552 3193 683 3278 langore
706 3194 814 3257 oculos
837 3212 934 3276 sopor
955 3193 1076 3276 operit:

213 3278 293 3341 Abit
313 3277 349 3341 in
370 3277 475 3361 quiete
496 3277 586 3341 molli
607 3276 736 3341 rabidus
758 3278 847 3342 furor
869 3275 978 3344 animi.

214 3360 277 3427 Sed
298 3361 353 3426 ubi
375 3360 439 3425 oris
461 3362 547 3426 aurei
569 3359 625 3426 Sol
645 3361 840 3425 radiantibus
863 3360 963 3425 oculis

166 3458 200 3509 40
213 3444 374 3510 Lustravit
393 3443 525 3522 aethera
541 3445 661 3530 album,
683 3445 751 3510 sola
772 3445 865 3530 dura,
884 3461 971 3508 mare
992 3443 1115 3530 ferum,
