2258 4148
52 232 184 304 111111]
471 231 586 288 anna.
619 270 626 280 .
969 223 1013 290 00

54 394 153 471 Quem
174 414 261 459 nunc
281 395 348 457 tam
370 391 467 476 longe
487 414 555 456 non
575 393 660 457 inter
680 396 759 458 11010
780 393 926 477 sepulcra

90 477 162 543 Nec
182 497 283 560 prope
304 479 458 560 cognatos
481 478 683 560 conpositum
704 478 840 560 cineres,

54 560 114 628 Sed
136 560 235 624 Troia
256 560 427 642 obscaena,
449 559 545 624 Troia
565 561 692 625 infelice
714 562 873 645 sepultum

91 643 228 709 Detinet
249 647 388 708 extremo
410 647 495 707 terra
516 644 620 708 aliena
641 646 721 709 solo.
964 654 1013 704 100

54 728 104 793 Ad
131 749 228 812 quam
256 730 325 791 tum
350 748 526 811 properans
558 728 659 792 fertur
691 729 787 875 ⁸append
811 726 950 810 undique

680 835 702 876 u
725 834 759 876 es

93 895 217 961 Graeca
236 896 416 978 penetrales
438 895 613 961 desemisse
635 834 740 978 111000,

56 978 102 1045 Ne
123 978 214 1043 Paris
237 978 373 1043 abducta
393 980 521 1063 gavisus
543 979 644 1044 libera
664 978 798 1044 moecha

94 1062 171 1128 Otia
191 1064 304 1159 pacato
327 1062 456 1146 degeret
476 1064 512 1127 in
532 1062 681 1128 thalamo.

55 1146 125 1222 Quo
145 1145 206 1210 tib1
227 1148 296 1210 tum
317 1167 407 1229 casu,
451 1146 641 1211 ulcherrima
660 1146 847 1231 Laudamia,
965 1156 1014 1207 100

93 1229 283 1313 Ereptumst
302 1229 370 1294 1110
392 1229 412 1294 d
446 1231 512 1294 cius
534 1233 629 1313 atque
650 1232 756 1295 anima

55 1311 264 1398 Coniugium:
286 1316 377 1378 tanto
398 1316 431 1378 te
453 1314 626 1378 absorbens
646 1316 764 1379 1011100
786 1313 903 1378 amoris

93 1399 215 1462 Aestus
235 1398 270 1462 in
291 1398 461 1481 abruptum
482 1398 638 1462 detulerat
658 1397 857 1479 barathrum,

55 1480 154 1558 Quale
176 1482 283 1546 ferunt
305 1481 382 1546 Grai
402 1481 567 1546 Pheneum
588 1503 687 1565 prope
709 1480 895 1564 Cylleneum

95 1565 222 1631 Siccare
244 1567 365 1630 emulsa
385 1565 505 1650 pingue
525 1565 641 1648 palude
663 1567 781 1649 solum,
966 1575 1015 1625 110

55 1648 148 1726 Quod
170 1649 330 1733 quondam
352 1649 452 1714 caesis
473 1649 593 1713 montis
614 1649 734 1714 fodisse
754 1649 901 1714 medullis

95 1732 199 1797 Audit
219 1733 408 1818 falsiparens
429 1733 748 1817 Amphitryoniades,

56 1814 212 1901 Tempore
234 1838 297 1901 quo
320 1819 405 1883 certa
426 1816 627 1901 Stymphalia
647 1821 791 1883 monstra
811 1817 931 1902 sagitta

95 1899 238 1965 Perculit
258 1901 392 1985 imperio
415 1901 579 1965 deterioris
603 1902 663 1984 eri,

56 1983 204 2051 Pluribus
224 1987 262 2048 ut
282 1986 361 2050 caeli
380 1988 536 2050 tereretur
555 1987 651 2050 ianua
672 1986 769 2070 divis,
967 1993 1016 2044 110

96 2067 189 2134 Hebe
209 2090 269 2133 1100
290 2069 390 2154 longa
410 2069 594 2153 uirginitate
615 2070 707 2134 10101.

57 2150 120 2221 Sed
140 2155 214 2216 tuos
236 2153 318 2216 altus
339 2174 429 2217 amor
449 2153 599 2218 barathro
620 2153 683 2216 fuit
704 2153 799 2216 altior
819 2153 892 2236 illo,

97 2235 161 2312 Qui
183 2235 296 2300 durum
318 2237 471 2323 domitam
492 2237 575 2301 ferre
595 2237 706 2322 iugum
728 2236 849 2300 docuit:

56 2318 140 2387 Nam
161 2341 221 2384 nec
242 2323 309 2385 tam
330 2342 439 2385 carum
460 2321 605 2386 confecto
628 2323 730 2384 aetate
751 2321 876 2404 parenti

97 2403 173 2469 Vna
194 2407 289 2488 caput
309 2406 372 2469 seri
392 2409 470 2469 nata
489 2426 531 2469 ne
555 2405 617 2469 otis
639 2405 714 2488 alit,
967 2414 1017 2464 100

57 2487 119 2564 Qui
157 2508 229 2552 cum
250 2488 370 2553 divitiis
391 2489 445 2552 vix
465 2429 596 2553 tandem
617 2489 765 2552 inventus
787 2487 880 2551 avitis

97 2537 226 2636 rtomen
246 2575 378 2636 esaar
399 2573 510 2637 nnuc
529 2573 565 2637 in
584 2573 725 2657 abulae,

57 2654 151 2804 Inpia
172 2655 269 2752 derisi
289 2657 421 2741 gentilis
442 2657 560 2804 pendia
581 2657 697 2720 tollens

122 2742 240 2803 uscrtat
260 2761 280 2803 0
301 2761 381 2804 cano
402 2762 443 2804 10
456 2740 575 2804 turium
597 2740 708 2823 capiti:

57 2823 126 2888 Nec
146 2825 272 2887 tantum
293 2823 388 2888 niveo
410 2825 550 2907 gavisast
570 2823 637 2886 ulla
658 2822 804 2888 columbo
969 2830 1018 2880 125

99 2905 244 2990 Conpar,
266 2928 346 3053 puae
367 2909 468 2971 multo
491 2907 606 2972 dicitur
627 2907 792 2990 inprobius

57 2990 176 3057 Oscula
196 3012 266 3054 mor
289 2991 355 3055 enti
379 3012 504 3074 semper
525 2991 691 3074 decerpere
712 2993 832 3072 rostra,

99 3073 202 3150 Quam
224 3097 305 3158 quae
326 3076 494 3158 praecipue
515 3074 713 3138 multivolast
733 3073 858 3137 mulier.

58 3157 122 3225 Sed
142 3161 178 3222 tu
198 3157 314 3222 horum
335 3179 470 3242 magnos
492 3158 597 3222 vicisti
618 3159 688 3222 sola
708 3157 846 3240 furores,

99 3241 146 3306 Vt
167 3242 266 3306 semel
287 3264 323 3317 01
340 3243 422 3306 flavo
445 3242 612 3306 conciliata
633 3241 713 3304 viro.
970 3249 1020 3299 130

57 3325 126 3390 Aut
145 3325 228 3389 nihil
250 3329 305 3389 aut
325 3326 421 3410 paulo
444 3327 494 3389 oui
514 3329 584 3390 turn
606 3323 779 3390 concedere
800 3323 898 3407 digna

89 3409 169 3473 Lux
190 3431 261 3473 mea
282 3431 317 3474 se
337 3412 483 3474 nostrum
505 3409 641 3474 contulit
660 3408 696 3471 in
716 3407 873 3491 gremium
898 3458 904 3467 .

58 3490 161 3570 Quam
183 3492 434 3558 circumcursans
454 3493 530 3559 hinc
551 3492 642 3558 illino
664 3512 758 3576 saepe
780 3455 903 3574 Cupido
